<?xml version="1.0" encoding="UTF-8"?>
<!DOCTYPE html PUBLIC "-//W3C//DTD XHTML 1.0 Transitional//EN"
    "http://www.w3.org/TR/xhtml1/DTD/xhtml1-transitional.dtd">
<html xmlns="http://www.w3.org/1999/xhtml" xml:lang="en" lang="en">
 <head>
  <title>
</title>
<meta http-equiv="Content-Type" content="text/html;charset=utf-8" />
  <meta name='ocr-system' content='tesseract 3.04.00' />
  <meta name='ocr-capabilities' content='ocr_page ocr_carea ocr_par ocr_line ocrx_word'/>
</head>
<body>
  <div class='ocr_page' id='page_1' title='image "./locitheologicic07cottgoog/locitheologicic07cottgoog_0406.png"; bbox 0 0 4842 5859; ppageno 0'>
   <div class='ocr_carea' id='block_1_1' title="bbox 310 237 2119 429">
    <p class='ocr_par' dir='ltr' id='par_1_1' title="bbox 310 237 2119 429">
     <span class='ocr_line' id='line_1_1' title="bbox 310 237 2119 429; baseline -0.001 -61"><span class='ocrx_word' id='word_1_1' title='bbox 310 287 357 386; x_wconf 76' lang='lat'>‘5⁶</span> <span class='ocrx_word' id='word_1_2' title='bbox 509 300 686 378; x_wconf 83' lang='lat' dir='ltr'>couvs</span> <span class='ocrx_word' id='word_1_3' title='bbox 713 270 832 379; x_wconf 78' lang='lat' dir='ltr'><strong>xxv.</strong></span> <span class='ocrx_word' id='word_1_4' title='bbox 865 237 1082 380; x_wconf 79' lang='lat' dir='ltr'>annstr.</span> <span class='ocrx_word' id='word_1_5' title='bbox 1112 244 1225 429; x_wconf 54' lang='lat' dir='ltr'>csta.</span> <span class='ocrx_word' id='word_1_6' title='bbox 1249 277 1340 377; x_wconf 82' lang='lat' dir='ltr'>uri.</span> <span class='ocrx_word' id='word_1_7' title='bbox 1375 291 1578 391; x_wconf 83' lang='lat' dir='ltr'>sncrro</span> <span class='ocrx_word' id='word_1_8' title='bbox 1601 270 1661 370; x_wconf 57' lang='grc' dir='ltr'>νζ·</span> <span class='ocrx_word' id='word_1_9' title='bbox 1695 238 1906 411; x_wconf 75' lang='lat' dir='ltr'>urruns.</span> <span class='ocrx_word' id='word_1_10' title='bbox 1931 295 1960 373; x_wconf 87' lang='lat' dir='ltr'>t.</span> <span class='ocrx_word' id='word_1_11' title='bbox 1996 327 1999 331; x_wconf 18' lang='grc' dir='ltr'><strong>π</strong></span> <span class='ocrx_word' id='word_1_12' title='bbox 2111 248 2119 259; x_wconf 65' lang='grc'><em>’</em></span> 
     </span>
    </p>
   </div>
   <div class='ocr_carea' id='block_1_2' title="bbox 185 456 2091 2846">
    <p class='ocr_par' dir='ltr' id='par_1_2' title="bbox 185 456 2091 2225">
     <span class='ocr_line' id='line_1_2' title="bbox 310 456 2085 582; baseline 0.002 -42"><span class='ocrx_word' id='word_1_13' title='bbox 310 456 444 567; x_wconf 76' lang='lat' dir='ltr'>rigent,</span> <span class='ocrx_word' id='word_1_14' title='bbox 470 474 1176 582; x_wconf 76' lang='lat' dir='ltr'>dtdominanturreilginne&#39;s,quandosci·</span> <span class='ocrx_word' id='word_1_15' title='bbox 1215 472 1367 561; x_wconf 85' lang='lat' dir='ltr'>servare,</span> <span class='ocrx_word' id='word_1_16' title='bbox 1401 500 1499 572; x_wconf 86' lang='lat' dir='ltr'>quam</span> <span class='ocrx_word' id='word_1_17' title='bbox 1519 475 1790 576; x_wconf 83' lang='lat' dir='ltr'>perviolentiam</span> <span class='ocrx_word' id='word_1_18' title='bbox 1811 472 2004 574; x_wconf 69' lang='lat' dir='ltr'>reipublice</span> <span class='ocrx_word' id='word_1_19' title='bbox 2028 498 2085 580; x_wconf 50' lang='lat' dir='ltr'>nn</span> 
     </span>
     <span class='ocr_line' id='line_1_3' title="bbox 311 565 2081 679; baseline 0.004 -42"><span class='ocrx_word' id='word_1_20' title='bbox 311 565 388 640; x_wconf 88' lang='lat' dir='ltr'>licet</span> <span class='ocrx_word' id='word_1_21' title='bbox 410 566 527 648; x_wconf 89' lang='lat' dir='ltr'>subditi</span> <span class='ocrx_word' id='word_1_22' title='bbox 556 586 589 651; x_wconf 91' lang='lat' dir='ltr'>in</span> <span class='ocrx_word' id='word_1_23' title='bbox 611 579 755 653; x_wconf 85' lang='lat' dir='ltr'>diversae</span> <span class='ocrx_word' id='word_1_24' title='bbox 780 583 892 653; x_wconf 89' lang='lat' dir='ltr'>abiere</span> <span class='ocrx_word' id='word_1_25' title='bbox 913 603 1039 679; x_wconf 86' lang='lat' dir='ltr'>partes,</span> <span class='ocrx_word' id='word_1_26' title='bbox 1075 585 1119 651; x_wconf 88' lang='lat' dir='ltr'>ita</span> <span class='ocrx_word' id='word_1_27' title='bbox 1140 598 1176 650; x_wconf 95' lang='lat' dir='ltr'>ut</span> <span class='ocrx_word' id='word_1_28' title='bbox 1215 581 1285 648; x_wconf 84' lang='lat' dir='ltr'>vint</span> <span class='ocrx_word' id='word_1_29' title='bbox 1303 581 1431 672; x_wconf 86' lang='lat' dir='ltr'>penitus</span> <span class='ocrx_word' id='word_1_30' title='bbox 1448 599 1607 649; x_wconf 82' lang='lat' dir='ltr'>evertere.</span> <span class='ocrx_word' id='word_1_31' title='bbox 1659 579 1853 648; x_wconf 75' lang='lat' dir='ltr'>Ammianus</span> <span class='ocrx_word' id='word_1_32' title='bbox 1874 574 1932 647; x_wconf 85' lang='lat' dir='ltr'>lib.</span> <span class='ocrx_word' id='word_1_33' title='bbox 1944 575 2018 649; x_wconf 85' lang='lat' dir='ltr'>XX.</span> <span class='ocrx_word' id='word_1_34' title='bbox 2039 574 2081 651; x_wconf 84' lang='lat' dir='ltr'>de</span> 
     </span>
     <span class='ocr_line' id='line_1_4' title="bbox 298 665 2081 778; baseline 0.007 -43"><span class='ocrx_word' id='word_1_35' title='bbox 298 668 503 762; x_wconf 70' lang='lat' dir='ltr'>nelmajor,</span> <span class='ocrx_word' id='word_1_36' title='bbox 523 678 575 749; x_wconf 84' lang='lat' dir='ltr'>vel</span> <span class='ocrx_word' id='word_1_37' title='bbox 596 679 729 778; x_wconf 83' lang='lat' dir='ltr'>aequalis</span> <span class='ocrx_word' id='word_1_38' title='bbox 751 683 875 752; x_wconf 82' lang='lat' dir='ltr'>civium</span> <span class='ocrx_word' id='word_1_39' title='bbox 892 704 964 776; x_wconf 88' lang='lat' dir='ltr'>pars</span> <span class='ocrx_word' id='word_1_40' title='bbox 985 675 1073 750; x_wconf 76' lang='lat' dir='ltr'>salia</span> <span class='ocrx_word' id='word_1_41' title='bbox 1095 676 1172 748; x_wconf 89' lang='lat' dir='ltr'>reli·</span> <span class='ocrx_word' id='word_1_42' title='bbox 1216 675 1449 747; x_wconf 87' lang='lat' dir='ltr'>Valentiniano</span> <span class='ocrx_word' id='word_1_43' title='bbox 1465 680 1668 774; x_wconf 73' lang='lat' dir='ltr'>imperatore</span> <span class='ocrx_word' id='word_1_44' title='bbox 1686 693 1873 758; x_wconf 88' lang='lat' dir='ltr'>memorat,</span> <span class='ocrx_word' id='word_1_45' title='bbox 1894 665 2081 770; x_wconf 81' lang='lat' dir='ltr'>ipsumhoc</span> 
     </span>
     <span class='ocr_line' id='line_1_5' title="bbox 279 768 2079 876; baseline 0.005 -42"><span class='ocrx_word' id='word_1_46' title='bbox 279 828 287 835; x_wconf 84' lang='lat'><strong><em>.</em></strong></span> <span class='ocrx_word' id='word_1_47' title='bbox 311 769 406 862; x_wconf 85' lang='lat' dir='ltr'>gioni</span> <span class='ocrx_word' id='word_1_48' title='bbox 429 771 465 844; x_wconf 88' lang='lat' dir='ltr'>lit</span> <span class='ocrx_word' id='word_1_49' title='bbox 486 777 637 864; x_wconf 76' lang='lat' dir='ltr'>additia,</span> <span class='ocrx_word' id='word_1_50' title='bbox 668 804 730 849; x_wconf 87' lang='lat' dir='ltr'>uec</span> <span class='ocrx_word' id='word_1_51' title='bbox 750 777 847 876; x_wconf 83' lang='lat' dir='ltr'>posstt</span> <span class='ocrx_word' id='word_1_52' title='bbox 869 779 989 876; x_wconf 80' lang='lat' dir='ltr'>absque</span> <span class='ocrx_word' id='word_1_53' title='bbox 1010 773 1183 848; x_wconf 74' lang='lat' dir='ltr'>intelilnn-</span> <span class='ocrx_word' id='word_1_54' title='bbox 1215 768 1665 872; x_wconf 82' lang='lat' dir='ltr'>moderamineprincipatus</span> <span class='ocrx_word' id='word_1_55' title='bbox 1682 768 1890 858; x_wconf 83' lang='lat' dir='ltr'>inclaruilse,</span> <span class='ocrx_word' id='word_1_56' title='bbox 1917 775 2008 868; x_wconf 82' lang='lat' dir='ltr'>qood</span> <span class='ocrx_word' id='word_1_57' title='bbox 2026 775 2079 843; x_wconf 82' lang='lat' dir='ltr'>in·</span> 
     </span>
     <span class='ocr_line' id='line_1_6' title="bbox 311 865 2079 972; baseline 0.005 -39"><span class='ocrx_word' id='word_1_58' title='bbox 311 887 388 935; x_wconf 90' lang='lat' dir='ltr'>rum</span> <span class='ocrx_word' id='word_1_59' title='bbox 410 865 612 949; x_wconf 76' lang='lat' dir='ltr'>seditionum</span> <span class='ocrx_word' id='word_1_60' title='bbox 634 877 807 972; x_wconf 87' lang='lat' dir='ltr'>periculo,</span> <span class='ocrx_word' id='word_1_61' title='bbox 834 877 985 972; x_wconf 77' lang='lat' dir='ltr'>adeoque</span> <span class='ocrx_word' id='word_1_62' title='bbox 1003 880 1104 946; x_wconf 90' lang='lat' dir='ltr'>totius</span> <span class='ocrx_word' id='word_1_63' title='bbox 1123 898 1174 944; x_wconf 89' lang='lat' dir='ltr'>re·</span> <span class='ocrx_word' id='word_1_64' title='bbox 1214 886 1264 943; x_wconf 83' lang='lat' dir='ltr'>ter</span> <span class='ocrx_word' id='word_1_65' title='bbox 1282 876 1477 969; x_wconf 72' lang='lat' dir='ltr'>religionum</span> <span class='ocrx_word' id='word_1_66' title='bbox 1492 876 1707 965; x_wconf 82' lang='lat' dir='ltr'>diverfilnletn</span> <span class='ocrx_word' id='word_1_67' title='bbox 1725 870 2007 964; x_wconf 75' lang='lat' dir='ltr'>rnedinsstrlerit,</span> <span class='ocrx_word' id='word_1_68' title='bbox 2023 874 2079 943; x_wconf 83' lang='lat' dir='ltr'>nee</span> 
     </span>
     <span class='ocr_line' id='line_1_7' title="bbox 312 968 2078 1070; baseline 0.002 -34"><span class='ocrx_word' id='word_1_69' title='bbox 312 968 370 1059; x_wconf 85' lang='lat' dir='ltr'>gni</span> <span class='ocrx_word' id='word_1_70' title='bbox 389 970 619 1045; x_wconf 80' lang='lat' dir='ltr'>internecione</span> <span class='ocrx_word' id='word_1_71' title='bbox 640 983 671 1048; x_wconf 83' lang='lat' dir='ltr'>dr</span> <span class='ocrx_word' id='word_1_72' title='bbox 698 979 804 1046; x_wconf 88' lang='lat' dir='ltr'>exitio</span> <span class='ocrx_word' id='word_1_73' title='bbox 821 970 898 1045; x_wconf 86' lang='lat' dir='ltr'>falsa</span> <span class='ocrx_word' id='word_1_74' title='bbox 915 977 1037 1070; x_wconf 88' lang='lat' dir='ltr'>religio</span> <span class='ocrx_word' id='word_1_75' title='bbox 1061 973 1174 1043; x_wconf 87' lang='lat' dir='ltr'>exllir·</span> <span class='ocrx_word' id='word_1_76' title='bbox 1215 995 1400 1069; x_wconf 73' lang='lat' dir='ltr'>qoetnquorn</span> <span class='ocrx_word' id='word_1_77' title='bbox 1416 975 1665 1070; x_wconf 74' lang='lat' dir='ltr'>inquietaverit,</span> <span class='ocrx_word' id='word_1_78' title='bbox 1696 996 1754 1042; x_wconf 90' lang='lat' dir='ltr'>nee</span> <span class='ocrx_word' id='word_1_79' title='bbox 1772 970 1961 1043; x_wconf 77' lang='lat' dir='ltr'>interdiiiir</span> <span class='ocrx_word' id='word_1_80' title='bbox 1972 973 2078 1040; x_wconf 83' lang='lat' dir='ltr'>terino-</span> 
     </span>
     <span class='ocr_line' id='line_1_8' title="bbox 312 1069 2078 1171; baseline -0.005 -23"><span class='ocrx_word' id='word_1_81' title='bbox 312 1069 403 1158; x_wconf 65' lang='lat' dir='ltr'>P²lie</span> <span class='ocrx_word' id='word_1_82' title='bbox 430 1069 473 1137; x_wconf 93' lang='lat' dir='ltr'>ibi</span> <span class='ocrx_word' id='word_1_83' title='bbox 495 1097 578 1143; x_wconf 86' lang='lat' dir='ltr'>vern</span> <span class='ocrx_word' id='word_1_84' title='bbox 597 1072 832 1171; x_wconf 84' lang='lat' dir='ltr'>quiescendum</span> <span class='ocrx_word' id='word_1_85' title='bbox 853 1073 897 1145; x_wconf 88' lang='lat' dir='ltr'>esi</span> <span class='ocrx_word' id='word_1_86' title='bbox 913 1073 1134 1168; x_wconf 85' lang='lat' dir='ltr'>tnagillratui,</span> <span class='ocrx_word' id='word_1_87' title='bbox 1157 1093 1174 1138; x_wconf 88' lang='lat' dir='ltr'>a</span> <span class='ocrx_word' id='word_1_88' title='bbox 1214 1074 1301 1143; x_wconf 83' lang='lat' dir='ltr'>cibus</span> <span class='ocrx_word' id='word_1_89' title='bbox 1316 1074 1526 1164; x_wconf 79' lang='lat' dir='ltr'>subditorun</span> <span class='ocrx_word' id='word_1_90' title='bbox 1552 1076 1685 1144; x_wconf 85' lang='lat' dir='ltr'>cervices</span> <span class='ocrx_word' id='word_1_91' title='bbox 1701 1074 1744 1140; x_wconf 82' lang='lat' dir='ltr'>od</span> <span class='ocrx_word' id='word_1_92' title='bbox 1763 1073 1816 1156; x_wconf 91' lang='lat' dir='ltr'>id,</span> <span class='ocrx_word' id='word_1_93' title='bbox 1840 1074 1929 1164; x_wconf 83' lang='lat' dir='ltr'>qood</span> <span class='ocrx_word' id='word_1_94' title='bbox 1941 1070 2011 1163; x_wconf 87' lang='lat' dir='ltr'>ipse</span> <span class='ocrx_word' id='word_1_95' title='bbox 2026 1095 2078 1143; x_wconf 82' lang='lat' dir='ltr'>to·</span> 
     </span>
     <span class='ocr_line' id='line_1_9' title="bbox 312 1165 2080 1266; baseline 0.004 -33"><span class='ocrx_word' id='word_1_96' title='bbox 312 1165 346 1228; x_wconf 78' lang='lat' dir='ltr'>vi</span> <span class='ocrx_word' id='word_1_97' title='bbox 369 1168 401 1234; x_wconf 85' lang='lat' dir='ltr'>dt</span> <span class='ocrx_word' id='word_1_98' title='bbox 425 1165 519 1253; x_wconf 87' lang='lat' dir='ltr'>bellis</span> <span class='ocrx_word' id='word_1_99' title='bbox 538 1170 785 1257; x_wconf 81' lang='lat' dir='ltr'>abstinendum,</span> <span class='ocrx_word' id='word_1_100' title='bbox 818 1177 851 1245; x_wconf 82' lang='lat' dir='ltr'>dt</span> <span class='ocrx_word' id='word_1_101' title='bbox 876 1175 1022 1266; x_wconf 83' lang='lat' dir='ltr'>tempori</span> <span class='ocrx_word' id='word_1_102' title='bbox 1047 1171 1172 1265; x_wconf 85' lang='lat' dir='ltr'>aliquid</span> <span class='ocrx_word' id='word_1_103' title='bbox 1212 1173 1314 1256; x_wconf 86' lang='lat' dir='ltr'>lebni,</span> <span class='ocrx_word' id='word_1_104' title='bbox 1341 1173 1523 1256; x_wconf 84' lang='lat' dir='ltr'>inclinarit,</span> <span class='ocrx_word' id='word_1_105' title='bbox 1540 1171 1604 1262; x_wconf 88' lang='lat' dir='ltr'>sed</span> <span class='ocrx_word' id='word_1_106' title='bbox 1621 1172 1678 1242; x_wconf 85' lang='lat' dir='ltr'>bos</span> <span class='ocrx_word' id='word_1_107' title='bbox 1687 1180 1797 1263; x_wconf 82' lang='lat' dir='ltr'>portes</span> <span class='ocrx_word' id='word_1_108' title='bbox 1812 1171 2023 1239; x_wconf 80' lang='lat' dir='ltr'>intemeratos</span> <span class='ocrx_word' id='word_1_109' title='bbox 2033 1189 2080 1240; x_wconf 89' lang='lat' dir='ltr'>re-</span> 
     </span>
     <span class='ocr_line' id='line_1_10' title="bbox 227 1260 2079 1367; baseline 0.005 -41"><span class='ocrx_word' id='word_1_110' title='bbox 227 1322 229 1326; x_wconf 87' lang='grc'><em>,</em></span> <span class='ocrx_word' id='word_1_111' title='bbox 312 1263 594 1357; x_wconf 88' lang='lat' dir='ltr'>condonandum,</span> <span class='ocrx_word' id='word_1_112' title='bbox 630 1270 721 1367; x_wconf 89' lang='lat' dir='ltr'>qnod</span> <span class='ocrx_word' id='word_1_113' title='bbox 748 1266 897 1366; x_wconf 88' lang='lat' dir='ltr'>agnoscit</span> <span class='ocrx_word' id='word_1_114' title='bbox 923 1264 990 1366; x_wconf 88' lang='lat' dir='ltr'>ipse</span> <span class='ocrx_word' id='word_1_115' title='bbox 1014 1268 1174 1341; x_wconf 85' lang='lat' dir='ltr'>Molanue</span> <span class='ocrx_word' id='word_1_116' title='bbox 1214 1272 1358 1367; x_wconf 80' lang='lat' dir='ltr'>liquerit.</span> <span class='ocrx_word' id='word_1_117' title='bbox 1382 1266 1733 1364; x_wconf 78' lang='lat' dir='ltr'>Jac.eiug.&#39;l&#39;htianut</span> <span class='ocrx_word' id='word_1_118' title='bbox 1754 1273 1788 1338; x_wconf 91' lang='lat' dir='ltr'>in</span> <span class='ocrx_word' id='word_1_119' title='bbox 1807 1260 2079 1362; x_wconf 74' lang='lat' dir='ltr'>prasensutebi·</span> 
     </span>
     <span class='ocr_line' id='line_1_11' title="bbox 311 1358 2078 1462; baseline 0.006 -37"><span class='ocrx_word' id='word_1_120' title='bbox 311 1358 502 1457; x_wconf 84' lang='lat' dir='ltr'>pontificius</span> <span class='ocrx_word' id='word_1_121' title='bbox 527 1366 614 1439; x_wconf 91' lang='lat' dir='ltr'>libro</span> <span class='ocrx_word' id='word_1_122' title='bbox 632 1371 657 1442; x_wconf 91' lang='grc' dir='ltr'>Ι.</span> <span class='ocrx_word' id='word_1_123' title='bbox 682 1369 725 1440; x_wconf 92' lang='lat' dir='ltr'>de</span> <span class='ocrx_word' id='word_1_124' title='bbox 748 1366 816 1438; x_wconf 87' lang='lat' dir='ltr'>fide</span> <span class='ocrx_word' id='word_1_125' title='bbox 839 1370 1001 1439; x_wconf 85' lang='lat' dir='ltr'>haereticis</span> <span class='ocrx_word' id='word_1_126' title='bbox 1018 1364 1175 1438; x_wconf 85' lang='lat' dir='ltr'>servando</span> <span class='ocrx_word' id='word_1_127' title='bbox 1216 1367 1293 1442; x_wconf 84' lang='lat' dir='ltr'>lior.</span> <span class='ocrx_word' id='word_1_128' title='bbox 1310 1366 1461 1455; x_wconf 78' lang='lat' dir='ltr'>testatur,</span> <span class='ocrx_word' id='word_1_129' title='bbox 1489 1367 1677 1438; x_wconf 89' lang='lat' dir='ltr'>Henricum</span> <span class='ocrx_word' id='word_1_130' title='bbox 1693 1368 1751 1437; x_wconf 91' lang='lat' dir='ltr'>lV.</span> <span class='ocrx_word' id='word_1_131' title='bbox 1773 1364 1890 1436; x_wconf 77' lang='lat' dir='ltr'>Gallia</span> <span class='ocrx_word' id='word_1_132' title='bbox 1911 1387 2078 1462; x_wconf 75' lang='lat' dir='ltr'>regemne</span> 
     </span>
     <span class='ocr_line' id='line_1_12' title="bbox 313 1459 2080 1564; baseline 0.002 -32"><span class='ocrx_word' id='word_1_133' title='bbox 313 1478 382 1548; x_wconf 70' lang='lat' dir='ltr'>cap.</span> <span class='ocrx_word' id='word_1_134' title='bbox 397 1485 427 1531; x_wconf 85' lang='lat' dir='ltr'>a.</span> <span class='ocrx_word' id='word_1_135' title='bbox 450 1461 492 1532; x_wconf 90' lang='lat' dir='ltr'>fic</span> <span class='ocrx_word' id='word_1_136' title='bbox 509 1459 670 1537; x_wconf 87' lang='lat' dir='ltr'>scribens:</span> <span class='ocrx_word' id='word_1_137' title='bbox 697 1469 843 1564; x_wconf 82' lang='lat' dir='ltr'>Cogiier</span> <span class='ocrx_word' id='word_1_138' title='bbox 862 1469 1040 1563; x_wconf 82' lang='lat' dir='ltr'>aliqnando</span> <span class='ocrx_word' id='word_1_139' title='bbox 1062 1464 1172 1537; x_wconf 82' lang='lat' dir='ltr'>rotbo—</span> <span class='ocrx_word' id='word_1_140' title='bbox 1216 1465 1307 1561; x_wconf 84' lang='lat' dir='ltr'>ipso,</span> <span class='ocrx_word' id='word_1_141' title='bbox 1326 1471 1414 1561; x_wconf 81' lang='lat' dir='ltr'>qnod</span> <span class='ocrx_word' id='word_1_142' title='bbox 1422 1465 1677 1558; x_wconf 69' lang='lat' dir='ltr'>proledonlilms</span> <span class='ocrx_word' id='word_1_143' title='bbox 1695 1467 1731 1536; x_wconf 88' lang='lat' dir='ltr'>in</span> <span class='ocrx_word' id='word_1_144' title='bbox 1738 1461 1805 1562; x_wconf 82' lang='lat' dir='ltr'>sno</span> <span class='ocrx_word' id='word_1_145' title='bbox 1822 1486 1925 1561; x_wconf 81' lang='lat' dir='ltr'>regno</span> <span class='ocrx_word' id='word_1_146' title='bbox 1938 1466 2080 1560; x_wconf 69' lang='lat' dir='ltr'>qnieton</span> 
     </span>
     <span class='ocr_line' id='line_1_13' title="bbox 311 1547 2091 1665; baseline 0.006 -41"><span class='ocrx_word' id='word_1_147' title='bbox 311 1547 394 1625; x_wconf 85' lang='lat' dir='ltr'>iiens</span> <span class='ocrx_word' id='word_1_148' title='bbox 416 1565 566 1663; x_wconf 82' lang='lat' dir='ltr'>princeps</span> <span class='ocrx_word' id='word_1_149' title='bbox 580 1570 647 1665; x_wconf 74' lang='lat' dir='ltr'>five</span> <span class='ocrx_word' id='word_1_150' title='bbox 665 1566 901 1663; x_wconf 73' lang='lat' dir='ltr'>rnogijirolns,</span> <span class='ocrx_word' id='word_1_151' title='bbox 923 1568 957 1636; x_wconf 92' lang='lat' dir='ltr'>in</span> <span class='ocrx_word' id='word_1_152' title='bbox 981 1567 1173 1661; x_wconf 81' lang='lat' dir='ltr'>quibessdorn</span> <span class='ocrx_word' id='word_1_153' title='bbox 1213 1567 1395 1662; x_wconf 77' lang='lat' dir='ltr'>permiserit</span> <span class='ocrx_word' id='word_1_154' title='bbox 1405 1567 1536 1660; x_wconf 86' lang='lat' dir='ltr'>sedern,</span> <span class='ocrx_word' id='word_1_155' title='bbox 1576 1567 1802 1659; x_wconf 72' lang='lat' dir='ltr'>rempublicam</span> <span class='ocrx_word' id='word_1_156' title='bbox 1830 1566 1990 1634; x_wconf 83' lang='lat' dir='ltr'>lobenlrnr</span> <span class='ocrx_word' id='word_1_157' title='bbox 2005 1560 2091 1658; x_wconf 62' lang='lat' dir='ltr'>snb,</span> 
     </span>
     <span class='ocr_line' id='line_1_14' title="bbox 310 1650 2080 1761; baseline 0.006 -40"><span class='ocrx_word' id='word_1_158' title='bbox 310 1650 388 1725; x_wconf 86' lang='lat' dir='ltr'>ioris</span> <span class='ocrx_word' id='word_1_159' title='bbox 402 1657 582 1734; x_wconf 84' lang='lat' dir='ltr'>libertatern</span> <span class='ocrx_word' id='word_1_160' title='bbox 604 1667 771 1761; x_wconf 77' lang='lat' dir='ltr'>religionis</span> <span class='ocrx_word' id='word_1_161' title='bbox 780 1665 847 1760; x_wconf 78' lang='lat' dir='ltr'>seb</span> <span class='ocrx_word' id='word_1_162' title='bbox 870 1668 965 1736; x_wconf 86' lang='lat' dir='ltr'>cerlis</span> <span class='ocrx_word' id='word_1_163' title='bbox 983 1666 1173 1734; x_wconf 86' lang='lat' dir='ltr'>tondiliani·</span> <span class='ocrx_word' id='word_1_164' title='bbox 1215 1661 1306 1759; x_wconf 53' lang='lat' dir='ltr'>eimffe.</span> <span class='ocrx_word' id='word_1_165' title='bbox 1357 1665 1456 1737; x_wconf 88' lang='lat' dir='ltr'>Plura</span> <span class='ocrx_word' id='word_1_166' title='bbox 1476 1663 1628 1760; x_wconf 86' lang='lat' dir='ltr'>exempla</span> <span class='ocrx_word' id='word_1_167' title='bbox 1646 1661 1850 1732; x_wconf 78' lang='lat' dir='ltr'>adducentur</span> <span class='ocrx_word' id='word_1_168' title='bbox 1877 1657 2019 1732; x_wconf 83' lang='lat' dir='ltr'>inferint</span> <span class='ocrx_word' id='word_1_169' title='bbox 2045 1666 2080 1733; x_wconf 93' lang='lat' dir='ltr'>in</span> 
     </span>
     <span class='ocr_line' id='line_1_15' title="bbox 311 1751 2082 1860; baseline 0.006 -40"><span class='ocrx_word' id='word_1_170' title='bbox 311 1751 371 1823; x_wconf 86' lang='lat' dir='ltr'>bos</span> <span class='ocrx_word' id='word_1_171' title='bbox 390 1767 582 1849; x_wconf 86' lang='lat' dir='ltr'>torreedesr,</span> <span class='ocrx_word' id='word_1_172' title='bbox 609 1765 689 1860; x_wconf 80' lang='lat' dir='ltr'>nest</span> <span class='ocrx_word' id='word_1_173' title='bbox 701 1767 806 1835; x_wconf 80' lang='lat' dir='ltr'>ninas</span> <span class='ocrx_word' id='word_1_174' title='bbox 825 1761 941 1835; x_wconf 83' lang='lat' dir='ltr'>rnolnnt</span> <span class='ocrx_word' id='word_1_175' title='bbox 955 1764 1096 1834; x_wconf 76' lang='lat' dir='ltr'>tolerare</span> <span class='ocrx_word' id='word_1_176' title='bbox 1113 1787 1173 1831; x_wconf 88' lang='lat' dir='ltr'>oo·</span> <span class='ocrx_word' id='word_1_177' title='bbox 1215 1762 1412 1858; x_wconf 78' lang='lat' dir='ltr'>quaestione,</span> <span class='ocrx_word' id='word_1_178' title='bbox 1448 1786 1488 1830; x_wconf 89' lang='lat' dir='ltr'>an</span> <span class='ocrx_word' id='word_1_179' title='bbox 1512 1764 1660 1832; x_wconf 86' lang='lat' dir='ltr'>haeretici</span> <span class='ocrx_word' id='word_1_180' title='bbox 1687 1762 1869 1858; x_wconf 77' lang='lat' dir='ltr'>capitaliter</span> <span class='ocrx_word' id='word_1_181' title='bbox 1893 1756 2082 1854; x_wconf 60' lang='lat' dir='ltr'>puniendi?-</span> 
     </span>
     <span class='ocr_line' id='line_1_16' title="bbox 194 1849 2080 1960; baseline -0.004 -23"><span class='ocrx_word' id='word_1_182' title='bbox 194 1941 197 1951; x_wconf 67' lang='grc'>,</span> <span class='ocrx_word' id='word_1_183' title='bbox 310 1849 516 1954; x_wconf 69' lang='lat' dir='ltr'>ssis&#39;mojoro</span> <span class='ocrx_word' id='word_1_184' title='bbox 530 1865 564 1934; x_wconf 93' lang='lat' dir='ltr'>in</span> <span class='ocrx_word' id='word_1_185' title='bbox 580 1866 740 1957; x_wconf 85' lang='lat' dir='ltr'>republico</span> <span class='ocrx_word' id='word_1_186' title='bbox 744 1862 813 1960; x_wconf 82' lang='lat' dir='ltr'>suo</span> <span class='ocrx_word' id='word_1_187' title='bbox 818 1865 946 1957; x_wconf 88' lang='lat' dir='ltr'>perpeti</span> <span class='ocrx_word' id='word_1_188' title='bbox 958 1874 1106 1958; x_wconf 82' lang='lat' dir='ltr'>cogerer.</span> <span class='ocrx_word' id='word_1_189' title='bbox 1120 1862 1186 1951; x_wconf 13' lang='lat' dir='ltr'>(b).</span> <span class='ocrx_word' id='word_1_190' title='bbox 1216 1870 1265 1951; x_wconf 82' lang='lat'>4·)</span> <span class='ocrx_word' id='word_1_191' title='bbox 1292 1861 1381 1930; x_wconf 85' lang='lat' dir='ltr'>luter</span> <span class='ocrx_word' id='word_1_192' title='bbox 1402 1862 1654 1956; x_wconf 83' lang='lat' dir='ltr'>qnolemeonqur</span> <span class='ocrx_word' id='word_1_193' title='bbox 1677 1861 1891 1959; x_wconf 77' lang='lat' dir='ltr'>einerfirann</span> <span class='ocrx_word' id='word_1_194' title='bbox 1916 1864 1950 1930; x_wconf 84' lang='lat' dir='ltr'>dt</span> <span class='ocrx_word' id='word_1_195' title='bbox 1971 1860 2080 1952; x_wconf 74' lang='lat' dir='ltr'>pobli-</span> 
     </span>
     <span class='ocr_line' id='line_1_17' title="bbox 313 1950 2079 2054; baseline 0.003 -32"><span class='ocrx_word' id='word_1_196' title='bbox 313 1950 451 2026; x_wconf 83' lang='lat' dir='ltr'>Carolus</span> <span class='ocrx_word' id='word_1_197' title='bbox 467 1967 507 2033; x_wconf 83' lang='lat' dir='ltr'>V.</span> <span class='ocrx_word' id='word_1_198' title='bbox 533 1986 610 2031; x_wconf 90' lang='lat' dir='ltr'>cum</span> <span class='ocrx_word' id='word_1_199' title='bbox 627 1984 644 2029; x_wconf 88' lang='lat' dir='ltr'>a</span> <span class='ocrx_word' id='word_1_200' title='bbox 660 1961 838 2033; x_wconf 83' lang='lat' dir='ltr'>Clemente</span> <span class='ocrx_word' id='word_1_201' title='bbox 852 1962 926 2033; x_wconf 89' lang='lat' dir='ltr'>Vll.</span> <span class='ocrx_word' id='word_1_202' title='bbox 944 1961 1104 2030; x_wconf 84' lang='lat' dir='ltr'>Bononiae</span> <span class='ocrx_word' id='word_1_203' title='bbox 1121 1981 1174 2028; x_wconf 87' lang='lat' dir='ltr'>ur·</span> <span class='ocrx_word' id='word_1_204' title='bbox 1213 1983 1267 2029; x_wconf 88' lang='lat' dir='ltr'>eos</span> <span class='ocrx_word' id='word_1_205' title='bbox 1280 1957 1499 2052; x_wconf 73' lang='lat' dir='ltr'>blasphemias.</span> <span class='ocrx_word' id='word_1_206' title='bbox 1551 1960 1711 2041; x_wconf 81' lang='lat' dir='ltr'>Quamvis</span> <span class='ocrx_word' id='word_1_207' title='bbox 1727 1964 1819 2029; x_wconf 91' lang='lat' dir='ltr'>enim</span> <span class='ocrx_word' id='word_1_208' title='bbox 1835 1959 1933 2028; x_wconf 85' lang='lat' dir='ltr'>certis</span> <span class='ocrx_word' id='word_1_209' title='bbox 1945 1975 2079 2054; x_wconf 86' lang='lat' dir='ltr'>tempo·</span> 
     </span>
     <span class='ocr_line' id='line_1_18' title="bbox 185 2054 2079 2225; baseline 0.005 -108"><span class='ocrx_word' id='word_1_210' title='bbox 185 2071 187 2075; x_wconf 72' lang='grc'><strong>’</strong></span> <span class='ocrx_word' id='word_1_211' title='bbox 255 2102 259 2114; x_wconf 97' lang='grc'><strong><em>.</em></strong></span> <span class='ocrx_word' id='word_1_212' title='bbox 310 2069 466 2143; x_wconf 78' lang='lat' dir='ltr'>geretur,</span> <span class='ocrx_word' id='word_1_213' title='bbox 491 2059 761 2132; x_wconf 84' lang='lat' dir='ltr'>ntLutberanam</span> <span class='ocrx_word' id='word_1_214' title='bbox 774 2057 977 2156; x_wconf 88' lang='lat' dir='ltr'>religionem</span> <span class='ocrx_word' id='word_1_215' title='bbox 996 2061 1096 2128; x_wconf 87' lang='lat' dir='ltr'>armis</span> <span class='ocrx_word' id='word_1_216' title='bbox 1111 2079 1174 2152; x_wconf 88' lang='lat' dir='ltr'>op-</span> <span class='ocrx_word' id='word_1_217' title='bbox 1213 2059 1303 2128; x_wconf 82' lang='lat' dir='ltr'>ribus</span> <span class='ocrx_word' id='word_1_218' title='bbox 1330 2055 1497 2128; x_wconf 80' lang='lat' dir='ltr'>diuersitas</span> <span class='ocrx_word' id='word_1_219' title='bbox 1517 2054 1968 2225; x_wconf 76' lang='lat' dir='ltr'>religionumamagillratu</span> <span class='ocrx_word' id='word_1_220' title='bbox 1992 2055 2079 2128; x_wconf 86' lang='lat' dir='ltr'>tole·</span> 
     </span>
    </p>

    <p class='ocr_par' dir='ltr' id='par_1_3' title="bbox 256 2150 2080 2846">
     <span class='ocr_line' id='line_1_19' title="bbox 310 2150 2080 2254; baseline 0.003 -36"><span class='ocrx_word' id='word_1_221' title='bbox 310 2168 494 2241; x_wconf 84' lang='lat' dir='ltr'>pugnaret,</span> <span class='ocrx_word' id='word_1_222' title='bbox 527 2152 790 2254; x_wconf 80' lang='lat' dir='ltr'>suggestionibus</span> <span class='ocrx_word' id='word_1_223' title='bbox 812 2154 908 2252; x_wconf 82' lang='lat' dir='ltr'>iplius</span> <span class='ocrx_word' id='word_1_224' title='bbox 936 2160 1080 2254; x_wconf 82' lang='lat' dir='ltr'>graviter</span> <span class='ocrx_word' id='word_1_225' title='bbox 1104 2162 1172 2250; x_wconf 88' lang='lat' dir='ltr'>pri·</span> <span class='ocrx_word' id='word_1_226' title='bbox 1212 2159 1278 2226; x_wconf 91' lang='lat' dir='ltr'>rari</span> <span class='ocrx_word' id='word_1_227' title='bbox 1294 2154 1412 2251; x_wconf 76' lang='lat' dir='ltr'>polirt3</span> <span class='ocrx_word' id='word_1_228' title='bbox 1444 2173 1556 2225; x_wconf 89' lang='lat' dir='ltr'>tamen</span> <span class='ocrx_word' id='word_1_229' title='bbox 1588 2152 1796 2227; x_wconf 78' lang='lat' dir='ltr'>tritaniieslae</span> <span class='ocrx_word' id='word_1_230' title='bbox 1817 2150 1977 2223; x_wconf 86' lang='lat' dir='ltr'>accedant</span> <span class='ocrx_word' id='word_1_231' title='bbox 1998 2151 2080 2243; x_wconf 76' lang='lat' dir='ltr'>blas·</span> 
     </span>
     <span class='ocr_line' id='line_1_20' title="bbox 310 2249 2078 2352; baseline 0.008 -41"><span class='ocrx_word' id='word_1_232' title='bbox 310 2267 405 2315; x_wconf 83' lang='lat' dir='ltr'>rrtrtm</span> <span class='ocrx_word' id='word_1_233' title='bbox 424 2251 558 2342; x_wconf 82' lang='lat' dir='ltr'>tellitit,</span> <span class='ocrx_word' id='word_1_234' title='bbox 583 2252 742 2352; x_wconf 84' lang='lat' dir='ltr'>responso</span> <span class='ocrx_word' id='word_1_235' title='bbox 757 2256 797 2325; x_wconf 87' lang='lat' dir='ltr'>ad</span> <span class='ocrx_word' id='word_1_236' title='bbox 816 2252 996 2351; x_wconf 81' lang='lat' dir='ltr'>postulatos</span> <span class='ocrx_word' id='word_1_237' title='bbox 1012 2252 1172 2325; x_wconf 89' lang='lat' dir='ltr'>Clemen·</span> <span class='ocrx_word' id='word_1_238' title='bbox 1212 2255 1374 2350; x_wconf 85' lang='lat' dir='ltr'>phemiae,</span> <span class='ocrx_word' id='word_1_239' title='bbox 1399 2276 1452 2324; x_wconf 83' lang='lat' dir='ltr'>eas</span> <span class='ocrx_word' id='word_1_240' title='bbox 1467 2252 1562 2326; x_wconf 91' lang='lat' dir='ltr'>nullo</span> <span class='ocrx_word' id='word_1_241' title='bbox 1585 2257 1758 2349; x_wconf 88' lang='lat' dir='ltr'>temporis,</span> <span class='ocrx_word' id='word_1_242' title='bbox 1779 2251 1832 2321; x_wconf 87' lang='lat' dir='ltr'>vel</span> <span class='ocrx_word' id='word_1_243' title='bbox 1848 2249 2078 2344; x_wconf 83' lang='lat' dir='ltr'>periculorum</span> 
     </span>
     <span class='ocr_line' id='line_1_21' title="bbox 310 2346 2078 2449; baseline 0.006 -40"><span class='ocrx_word' id='word_1_244' title='bbox 310 2346 352 2411; x_wconf 86' lang='lat' dir='ltr'>tis</span> <span class='ocrx_word' id='word_1_245' title='bbox 367 2350 525 2422; x_wconf 83' lang='lat' dir='ltr'>articulos</span> <span class='ocrx_word' id='word_1_246' title='bbox 539 2353 594 2424; x_wconf 87' lang='lat' dir='ltr'>teli</span> <span class='ocrx_word' id='word_1_247' title='bbox 613 2355 708 2429; x_wconf 83' lang='lat' dir='ltr'>dato:</span> <span class='ocrx_word' id='word_1_248' title='bbox 735 2358 777 2431; x_wconf 88' lang='lat' dir='ltr'><em>V</em></span> <span class='ocrx_word' id='word_1_249' title='bbox 774 2367 788 2424; x_wconf 83' lang='lat' dir='ltr'>l</span> <span class='ocrx_word' id='word_1_250' title='bbox 801 2369 971 2448; x_wconf 81' lang='lat' dir='ltr'>perentam</span> <span class='ocrx_word' id='word_1_251' title='bbox 990 2355 1109 2424; x_wconf 81' lang='lat' dir='ltr'>delirio</span> <span class='ocrx_word' id='word_1_252' title='bbox 1116 2353 1174 2448; x_wconf 85' lang='lat' dir='ltr'>fe·</span> <span class='ocrx_word' id='word_1_253' title='bbox 1213 2348 1362 2449; x_wconf 72' lang='lat' dir='ltr'>respedlu</span> <span class='ocrx_word' id='word_1_254' title='bbox 1379 2353 1493 2422; x_wconf 87' lang='lat' dir='ltr'>habito</span> <span class='ocrx_word' id='word_1_255' title='bbox 1511 2349 1715 2447; x_wconf 76' lang='lat' dir='ltr'>magistratus</span> <span class='ocrx_word' id='word_1_256' title='bbox 1737 2347 1849 2421; x_wconf 88' lang='lat' dir='ltr'>severe</span> <span class='ocrx_word' id='word_1_257' title='bbox 1874 2349 2078 2439; x_wconf 76' lang='lat' dir='ltr'>coe&#39;rcender</span> 
     </span>
     <span class='ocr_line' id='line_1_22' title="bbox 310 2447 2078 2550; baseline 0.005 -38"><span class='ocrx_word' id='word_1_258' title='bbox 310 2449 415 2514; x_wconf 85' lang='lat' dir='ltr'>rrndo</span> <span class='ocrx_word' id='word_1_259' title='bbox 428 2447 529 2542; x_wconf 83' lang='lat' dir='ltr'>sont,</span> <span class='ocrx_word' id='word_1_260' title='bbox 551 2454 597 2522; x_wconf 85' lang='lat' dir='ltr'>ito</span> <span class='ocrx_word' id='word_1_261' title='bbox 623 2457 658 2525; x_wconf 92' lang='lat' dir='ltr'>in</span> <span class='ocrx_word' id='word_1_262' title='bbox 681 2454 868 2526; x_wconf 83' lang='lat' dir='ltr'>rioilolibns</span> <span class='ocrx_word' id='word_1_263' title='bbox 896 2478 932 2525; x_wconf 90' lang='lat' dir='ltr'>or</span> <span class='ocrx_word' id='word_1_264' title='bbox 957 2451 1175 2550; x_wconf 80' lang='lat' dir='ltr'>religionibus</span> <span class='ocrx_word' id='word_1_265' title='bbox 1213 2450 1336 2522; x_wconf 86' lang='lat' dir='ltr'>liaturt.</span> <span class='ocrx_word' id='word_1_266' title='bbox 1391 2452 1442 2540; x_wconf 80' lang='grc' dir='ltr'>ς.)</span> <span class='ocrx_word' id='word_1_267' title='bbox 1460 2450 1551 2537; x_wconf 85' lang='lat' dir='ltr'>luter</span> <span class='ocrx_word' id='word_1_268' title='bbox 1572 2451 1771 2543; x_wconf 75' lang='lat' dir='ltr'>diversorem</span> <span class='ocrx_word' id='word_1_269' title='bbox 1789 2450 2078 2549; x_wconf 78' lang='lat' dir='ltr'>religionnnlole·</span> 
     </span>
     <span class='ocr_line' id='line_1_23' title="bbox 256 2543 2080 2647; baseline 0.006 -38"><span class='ocrx_word' id='word_1_270' title='bbox 256 2550 258 2554; x_wconf 79' lang='grc'>’</span> <span class='ocrx_word' id='word_1_271' title='bbox 311 2543 393 2612; x_wconf 84' lang='lat' dir='ltr'>oilie</span> <span class='ocrx_word' id='word_1_272' title='bbox 421 2553 565 2640; x_wconf 79' lang='lat' dir='ltr'>poedore</span> <span class='ocrx_word' id='word_1_273' title='bbox 586 2547 645 2647; x_wconf 79' lang='lat' dir='ltr'>effe</span> <span class='ocrx_word' id='word_1_274' title='bbox 660 2554 899 2647; x_wconf 81' lang='lat' dir='ltr'>diffinnlomio,</span> <span class='ocrx_word' id='word_1_275' title='bbox 924 2552 1174 2644; x_wconf 73' lang='lat' dir='ltr'>fondamentum</span> <span class='ocrx_word' id='word_1_276' title='bbox 1214 2554 1366 2634; x_wconf 83' lang='lat' dir='ltr'>rentiam,</span> <span class='ocrx_word' id='word_1_277' title='bbox 1385 2555 1417 2620; x_wconf 82' lang='lat' dir='ltr'>dt</span> <span class='ocrx_word' id='word_1_278' title='bbox 1436 2552 1841 2642; x_wconf 50' lang='lat' dir='ltr'>eorontodproboiionenr.</span> <span class='ocrx_word' id='word_1_279' title='bbox 1864 2569 1867 2574; x_wconf 85' lang='lat'>·</span> <span class='ocrx_word' id='word_1_280' title='bbox 1890 2547 1994 2619; x_wconf 75' lang='lat' dir='ltr'>nivel</span> <span class='ocrx_word' id='word_1_281' title='bbox 2009 2571 2080 2620; x_wconf 89' lang='lat' dir='ltr'>rna·</span> 
     </span>
     <span class='ocr_line' id='line_1_24' title="bbox 309 2639 2078 2746; baseline 0.003 -34"><span class='ocrx_word' id='word_1_282' title='bbox 309 2639 347 2707; x_wconf 87' lang='lat' dir='ltr'>in</span> <span class='ocrx_word' id='word_1_283' title='bbox 361 2646 486 2743; x_wconf 78' lang='lat' dir='ltr'>reeleſso</span> <span class='ocrx_word' id='word_1_284' title='bbox 500 2653 877 2746; x_wconf 74' lang='lat' dir='ltr'>relinerioporlere&amp;c.</span> <span class='ocrx_word' id='word_1_285' title='bbox 900 2649 1073 2722; x_wconf 86' lang='lat' dir='ltr'>Goldastus</span> <span class='ocrx_word' id='word_1_286' title='bbox 1089 2670 1173 2721; x_wconf 89' lang='lat' dir='ltr'>tom.</span> <span class='ocrx_word' id='word_1_287' title='bbox 1213 2653 1303 2718; x_wconf 85' lang='lat' dir='ltr'>xitne</span> <span class='ocrx_word' id='word_1_288' title='bbox 1327 2650 1460 2742; x_wconf 82' lang='lat' dir='ltr'>cogitur</span> <span class='ocrx_word' id='word_1_289' title='bbox 1478 2646 1683 2744; x_wconf 85' lang='lat' dir='ltr'>magillratus</span> <span class='ocrx_word' id='word_1_290' title='bbox 1699 2645 1740 2718; x_wconf 90' lang='lat' dir='ltr'>ad</span> <span class='ocrx_word' id='word_1_291' title='bbox 1759 2649 1951 2737; x_wconf 82' lang='lat' dir='ltr'>evitandum</span> <span class='ocrx_word' id='word_1_292' title='bbox 1970 2641 2078 2742; x_wconf 84' lang='lat' dir='ltr'>majus</span> 
     </span>
     <span class='ocr_line' id='line_1_25' title="bbox 310 2736 2080 2846; baseline 0.003 -34"><span class='ocrx_word' id='word_1_293' title='bbox 310 2736 370 2810; x_wconf 85' lang='lat' dir='ltr'>lli.</span> <span class='ocrx_word' id='word_1_294' title='bbox 394 2745 522 2818; x_wconf 87' lang='lat' dir='ltr'>conliit.</span> <span class='ocrx_word' id='word_1_295' title='bbox 549 2752 630 2846; x_wconf 87' lang='lat' dir='ltr'>imp.</span> <span class='ocrx_word' id='word_1_296' title='bbox 647 2748 709 2825; x_wconf 87' lang='lat' dir='ltr'>sol.</span> <span class='ocrx_word' id='word_1_297' title='bbox 735 2763 817 2834; x_wconf 80' lang='lat'><em>506.</em></span> <span class='ocrx_word' id='word_1_298' title='bbox 850 2744 1014 2820; x_wconf 86' lang='lat' dir='ltr'>Wolfftns</span> <span class='ocrx_word' id='word_1_299' title='bbox 1031 2767 1115 2822; x_wconf 88' lang='lat' dir='ltr'>tom.</span> <span class='ocrx_word' id='word_1_300' title='bbox 1131 2748 1172 2823; x_wconf 89' lang='lat' dir='ltr'>ll.</span> <span class='ocrx_word' id='word_1_301' title='bbox 1213 2746 1338 2817; x_wconf 87' lang='lat' dir='ltr'>otalum</span> <span class='ocrx_word' id='word_1_302' title='bbox 1356 2741 1496 2816; x_wconf 84' lang='lat' dir='ltr'>diversas</span> <span class='ocrx_word' id='word_1_303' title='bbox 1516 2746 1698 2842; x_wconf 82' lang='lat' dir='ltr'>religiones</span> <span class='ocrx_word' id='word_1_304' title='bbox 1722 2750 1757 2815; x_wconf 89' lang='lat' dir='ltr'>in</span> <span class='ocrx_word' id='word_1_305' title='bbox 1779 2742 1839 2818; x_wconf 89' lang='lat' dir='ltr'>suo</span> <span class='ocrx_word' id='word_1_306' title='bbox 1860 2767 1897 2817; x_wconf 92' lang='lat' dir='ltr'>re</span> <span class='ocrx_word' id='word_1_307' title='bbox 1922 2764 1971 2816; x_wconf 87' lang='lat' dir='ltr'>nn</span> <span class='ocrx_word' id='word_1_308' title='bbox 1990 2744 2080 2817; x_wconf 89' lang='lat' dir='ltr'>tole·</span> 
     </span>
    </p>
   </div>
   <div class='ocr_carea' id='block_1_3' title="bbox 194 2838 2075 2942">
    <p class='ocr_par' dir='ltr' id='par_1_4' title="bbox 194 2838 2075 2942">
     <span class='ocr_line' id='line_1_26' title="bbox 194 2838 2075 2942; baseline 0.005 -39"><span class='ocrx_word' id='word_1_309' title='bbox 194 2861 196 2864; x_wconf 93' lang='lat'>·</span> <span class='ocrx_word' id='word_1_310' title='bbox 309 2842 496 2916; x_wconf 87' lang='lat' dir='ltr'>memorab.</span> <span class='ocrx_word' id='word_1_311' title='bbox 524 2841 586 2917; x_wconf 89' lang='lat' dir='ltr'>fol.</span> <span class='ocrx_word' id='word_1_312' title='bbox 612 2873 694 2932; x_wconf 79' lang='lat'>33¹.</span> <span class='ocrx_word' id='word_1_313' title='bbox 750 2852 902 2920; x_wconf 88' lang='lat' dir='ltr'>imitetur</span> <span class='ocrx_word' id='word_1_314' title='bbox 930 2871 1014 2942; x_wconf 86' lang='lat' dir='ltr'>ergo</span> <span class='ocrx_word' id='word_1_315' title='bbox 1045 2854 1080 2917; x_wconf 89' lang='lat' dir='ltr'>in</span> <span class='ocrx_word' id='word_1_316' title='bbox 1105 2850 1173 2919; x_wconf 89' lang='lat' dir='ltr'>lroc</span> <span class='ocrx_word' id='word_1_317' title='bbox 1212 2868 1305 2930; x_wconf 88' lang='lat' dir='ltr'>rare,</span> <span class='ocrx_word' id='word_1_318' title='bbox 1330 2869 1399 2914; x_wconf 86' lang='lat' dir='ltr'>non</span> <span class='ocrx_word' id='word_1_319' title='bbox 1416 2862 1525 2916; x_wconf 87' lang='lat' dir='ltr'>tamen</span> <span class='ocrx_word' id='word_1_320' title='bbox 1539 2843 1636 2914; x_wconf 88' lang='lat' dir='ltr'>debet</span> <span class='ocrx_word' id='word_1_321' title='bbox 1649 2843 1780 2915; x_wconf 85' lang='lat' dir='ltr'>easdem</span> <span class='ocrx_word' id='word_1_322' title='bbox 1798 2845 1904 2941; x_wconf 87' lang='lat' dir='ltr'>adpro</span> <span class='ocrx_word' id='word_1_323' title='bbox 1946 2838 2075 2929; x_wconf 79' lang='lat' dir='ltr'>re,led</span> 
     </span>
    </p>
   </div>
   <div class='ocr_carea' id='block_1_4' title="bbox 251 2927 2083 3827">
    <p class='ocr_par' dir='ltr' id='par_1_5' title="bbox 251 2927 2083 3827">
     <span class='ocr_line' id='line_1_27' title="bbox 309 2927 2076 3040; baseline 0.008 -40"><span class='ocrx_word' id='word_1_324' title='bbox 309 2927 383 3005; x_wconf 90' lang='lat' dir='ltr'>casu</span> <span class='ocrx_word' id='word_1_325' title='bbox 406 2941 611 3039; x_wconf 77' lang='lat' dir='ltr'>magistratus</span> <span class='ocrx_word' id='word_1_326' title='bbox 630 2951 787 3035; x_wconf 74' lang='lat' dir='ltr'>ineditos,</span> <span class='ocrx_word' id='word_1_327' title='bbox 819 2951 876 3038; x_wconf 88' lang='lat' dir='ltr'>qni</span> <span class='ocrx_word' id='word_1_328' title='bbox 902 2949 935 3018; x_wconf 92' lang='lat' dir='ltr'>iu</span> <span class='ocrx_word' id='word_1_329' title='bbox 952 2945 1079 3015; x_wconf 81' lang='lat' dir='ltr'>morbis</span> <span class='ocrx_word' id='word_1_330' title='bbox 1098 2969 1173 3040; x_wconf 85' lang='lat' dir='ltr'>gre·</span> <span class='ocrx_word' id='word_1_331' title='bbox 1213 2939 1388 3013; x_wconf 80' lang='lat' dir='ltr'>dissensum</span> <span class='ocrx_word' id='word_1_332' title='bbox 1408 2938 1502 3013; x_wconf 91' lang='lat' dir='ltr'>sunm</span> <span class='ocrx_word' id='word_1_333' title='bbox 1524 2943 1655 3038; x_wconf 88' lang='lat' dir='ltr'>publice</span> <span class='ocrx_word' id='word_1_334' title='bbox 1673 2940 1799 3030; x_wconf 84' lang='lat' dir='ltr'>teliaci,</span> <span class='ocrx_word' id='word_1_335' title='bbox 1833 2939 2076 3016; x_wconf 80' lang='lat' dir='ltr'>&amp;libertatem</span> 
     </span>
     <span class='ocr_line' id='line_1_28' title="bbox 251 3035 2077 3142; baseline 0.005 -42"><span class='ocrx_word' id='word_1_336' title='bbox 251 3093 253 3095; x_wconf 95' lang='lat'>.</span> <span class='ocrx_word' id='word_1_337' title='bbox 307 3035 457 3108; x_wconf 72' lang='lat' dir='ltr'>rioribus</span> <span class='ocrx_word' id='word_1_338' title='bbox 471 3042 669 3138; x_wconf 87' lang='lat' dir='ltr'>quandoque</span> <span class='ocrx_word' id='word_1_339' title='bbox 685 3047 756 3142; x_wconf 86' lang='lat' dir='ltr'>plus</span> <span class='ocrx_word' id='word_1_340' title='bbox 769 3042 949 3140; x_wconf 85' lang='lat' dir='ltr'>proliciunt</span> <span class='ocrx_word' id='word_1_341' title='bbox 959 3040 1173 3137; x_wconf 88' lang='lat' dir='ltr'>quiescendo,</span> <span class='ocrx_word' id='word_1_342' title='bbox 1213 3040 1326 3128; x_wconf 87' lang='lat' dir='ltr'>illam,</span> <span class='ocrx_word' id='word_1_343' title='bbox 1353 3044 1481 3137; x_wconf 85' lang='lat' dir='ltr'>quantis</span> <span class='ocrx_word' id='word_1_344' title='bbox 1494 3041 1676 3112; x_wconf 88' lang='lat' dir='ltr'>commode</span> <span class='ocrx_word' id='word_1_345' title='bbox 1695 3040 1819 3134; x_wconf 83' lang='lat' dir='ltr'>potess,</span> <span class='ocrx_word' id='word_1_346' title='bbox 1845 3039 2007 3131; x_wconf 81' lang='lat' dir='ltr'>limitibus</span> <span class='ocrx_word' id='word_1_347' title='bbox 2023 3062 2077 3110; x_wconf 88' lang='lat' dir='ltr'>re·</span> 
     </span>
     <span class='ocr_line' id='line_1_29' title="bbox 273 3137 2076 3240; baseline 0.005 -40"><span class='ocrx_word' id='word_1_348' title='bbox 273 3177 277 3184; x_wconf 90' lang='lat'><em>-</em></span> <span class='ocrx_word' id='word_1_349' title='bbox 312 3138 797 3240; x_wconf 56' lang='lat' dir='ltr'>quammovendnfflgeudo.</span> <span class='ocrx_word' id='word_1_350' title='bbox 821 3143 1042 3236; x_wconf 80' lang='lat' dir='ltr'>Hippocraten</span> <span class='ocrx_word' id='word_1_351' title='bbox 1062 3138 1174 3212; x_wconf 90' lang='lat' dir='ltr'>lib.ll.</span> <span class='ocrx_word' id='word_1_352' title='bbox 1214 3137 1385 3232; x_wconf 82' lang='lat' dir='ltr'>stringere.</span> <span class='ocrx_word' id='word_1_353' title='bbox 1447 3141 1485 3209; x_wconf 90' lang='lat' dir='ltr'>ln</span> <span class='ocrx_word' id='word_1_354' title='bbox 1517 3140 1650 3209; x_wconf 87' lang='lat' dir='ltr'>turbato</span> <span class='ocrx_word' id='word_1_355' title='bbox 1678 3138 1740 3208; x_wconf 89' lang='lat' dir='ltr'>illu</span> <span class='ocrx_word' id='word_1_356' title='bbox 1773 3139 1965 3234; x_wconf 79' lang='lat' dir='ltr'>reipublicae</span> <span class='ocrx_word' id='word_1_357' title='bbox 1993 3137 2076 3209; x_wconf 82' lang='lat' dir='ltr'>lietu</span> 
     </span>
     <span class='ocr_line' id='line_1_30' title="bbox 308 3231 2079 3334; baseline 0.002 -32"><span class='ocrx_word' id='word_1_358' title='bbox 308 3231 418 3322; x_wconf 73' lang='lat' dir='ltr'>apbor</span> <span class='ocrx_word' id='word_1_359' title='bbox 440 3259 458 3301; x_wconf 85' lang='lat' dir='ltr'>e</span> <span class='ocrx_word' id='word_1_360' title='bbox 466 3261 499 3317; x_wconf 85' lang='lat'>9·</span> <span class='ocrx_word' id='word_1_361' title='bbox 549 3238 702 3311; x_wconf 87' lang='lat' dir='ltr'>imitetur</span> <span class='ocrx_word' id='word_1_362' title='bbox 723 3237 912 3324; x_wconf 82' lang='lat' dir='ltr'>naucleros,</span> <span class='ocrx_word' id='word_1_363' title='bbox 937 3241 1090 3334; x_wconf 90' lang='lat' dir='ltr'>quicum</span> <span class='ocrx_word' id='word_1_364' title='bbox 1112 3260 1172 3308; x_wconf 84' lang='lat' dir='ltr'>ex·</span> <span class='ocrx_word' id='word_1_365' title='bbox 1213 3235 1418 3333; x_wconf 80' lang='lat' dir='ltr'>magistratus</span> <span class='ocrx_word' id='word_1_366' title='bbox 1442 3235 1584 3307; x_wconf 87' lang='lat' dir='ltr'>lludium</span> <span class='ocrx_word' id='word_1_367' title='bbox 1603 3239 1750 3309; x_wconf 83' lang='lat' dir='ltr'>veritalis</span> <span class='ocrx_word' id='word_1_368' title='bbox 1768 3234 1975 3324; x_wconf 75' lang='lat' dir='ltr'>&amp;corilolir</span> <span class='ocrx_word' id='word_1_369' title='bbox 1990 3259 2079 3331; x_wconf 81' lang='lat' dir='ltr'>pree·</span> 
     </span>
     <span class='ocr_line' id='line_1_31' title="bbox 308 3331 2078 3435; baseline 0.008 -42"><span class='ocrx_word' id='word_1_370' title='bbox 308 3345 382 3396; x_wconf 90' lang='lat' dir='ltr'>orta</span> <span class='ocrx_word' id='word_1_371' title='bbox 402 3333 436 3399; x_wconf 90' lang='lat' dir='ltr'>in</span> <span class='ocrx_word' id='word_1_372' title='bbox 455 3338 538 3402; x_wconf 86' lang='lat' dir='ltr'>mari</span> <span class='ocrx_word' id='word_1_373' title='bbox 552 3339 743 3432; x_wconf 86' lang='lat' dir='ltr'>tempeilate</span> <span class='ocrx_word' id='word_1_374' title='bbox 758 3362 821 3415; x_wconf 82' lang='lat' dir='ltr'>eo,</span> <span class='ocrx_word' id='word_1_375' title='bbox 844 3361 913 3435; x_wconf 89' lang='lat' dir='ltr'>quo</span> <span class='ocrx_word' id='word_1_376' title='bbox 930 3340 1078 3433; x_wconf 92' lang='lat' dir='ltr'>cupiunt,</span> <span class='ocrx_word' id='word_1_377' title='bbox 1095 3359 1172 3432; x_wconf 91' lang='lat' dir='ltr'>per·</span> <span class='ocrx_word' id='word_1_378' title='bbox 1212 3340 1323 3406; x_wconf 84' lang='lat' dir='ltr'>dentio</span> <span class='ocrx_word' id='word_1_379' title='bbox 1343 3350 1562 3431; x_wconf 87' lang='lat' dir='ltr'>temperatum</span> <span class='ocrx_word' id='word_1_380' title='bbox 1584 3331 1654 3431; x_wconf 91' lang='lat' dir='ltr'>ipso</span> <span class='ocrx_word' id='word_1_381' title='bbox 1673 3333 1765 3407; x_wconf 76' lang='lat' dir='ltr'>fallo</span> <span class='ocrx_word' id='word_1_382' title='bbox 1781 3355 1943 3422; x_wconf 82' lang='lat' dir='ltr'>exerceat.</span> <span class='ocrx_word' id='word_1_383' title='bbox 2002 3336 2047 3412; x_wconf 87' lang='lat' dir='ltr'><em>V</em></span> <span class='ocrx_word' id='word_1_384' title='bbox 2042 3358 2078 3407; x_wconf 88' lang='lat' dir='ltr'>e·</span> 
     </span>
     <span class='ocr_line' id='line_1_32' title="bbox 305 3427 2076 3591; baseline 0.007 -98"><span class='ocrx_word' id='word_1_385' title='bbox 305 3445 389 3591; x_wconf 74' lang='lat' dir='ltr'>gese</span> <span class='ocrx_word' id='word_1_386' title='bbox 414 3453 483 3500; x_wconf 89' lang='lat' dir='ltr'>non</span> <span class='ocrx_word' id='word_1_387' title='bbox 508 3427 658 3527; x_wconf 83' lang='lat' dir='ltr'>poliunt,</span> <span class='ocrx_word' id='word_1_388' title='bbox 682 3460 745 3527; x_wconf 88' lang='lat' dir='ltr'>eo,</span> <span class='ocrx_word' id='word_1_389' title='bbox 771 3460 840 3535; x_wconf 88' lang='lat' dir='ltr'>quo</span> <span class='ocrx_word' id='word_1_390' title='bbox 859 3431 1012 3532; x_wconf 82' lang='lat' dir='ltr'>poliunt,</span> <span class='ocrx_word' id='word_1_391' title='bbox 1037 3431 1168 3505; x_wconf 75' lang='lat' dir='ltr'>cursum</span> <span class='ocrx_word' id='word_1_392' title='bbox 1211 3437 1322 3506; x_wconf 81' lang='lat' dir='ltr'>siletis</span> <span class='ocrx_word' id='word_1_393' title='bbox 1340 3432 1488 3528; x_wconf 80' lang='lat' dir='ltr'>stediotn</span> <span class='ocrx_word' id='word_1_394' title='bbox 1516 3432 1661 3524; x_wconf 88' lang='lat' dir='ltr'>jubebit,</span> <span class='ocrx_word' id='word_1_395' title='bbox 1710 3452 1746 3504; x_wconf 93' lang='lat' dir='ltr'>ut</span> <span class='ocrx_word' id='word_1_396' title='bbox 1772 3432 1914 3530; x_wconf 87' lang='lat' dir='ltr'>publicis</span> <span class='ocrx_word' id='word_1_397' title='bbox 1941 3435 2076 3506; x_wconf 73' lang='lat' dir='ltr'>indicii·</span> 
     </span>
     <span class='ocr_line' id='line_1_33' title="bbox 332 3525 2083 3630; baseline 0.006 -36"><span class='ocrx_word' id='word_1_398' title='bbox 332 3525 476 3620; x_wconf 78' lang='lat' dir='ltr'>irigunt,</span> <span class='ocrx_word' id='word_1_399' title='bbox 501 3525 875 3630; x_wconf 77' lang='lat' dir='ltr'>acsaepevelilieatione</span> <span class='ocrx_word' id='word_1_400' title='bbox 897 3547 1019 3604; x_wconf 87' lang='lat' dir='ltr'>mutata</span> <span class='ocrx_word' id='word_1_401' title='bbox 1039 3531 1168 3628; x_wconf 88' lang='lat' dir='ltr'>procel·</span> <span class='ocrx_word' id='word_1_402' title='bbox 1210 3534 1360 3605; x_wconf 83' lang='lat' dir='ltr'>telletum</span> <span class='ocrx_word' id='word_1_403' title='bbox 1396 3528 1512 3620; x_wconf 87' lang='lat' dir='ltr'>faciat,</span> <span class='ocrx_word' id='word_1_404' title='bbox 1558 3527 1671 3604; x_wconf 88' lang='lat' dir='ltr'>falsam</span> <span class='ocrx_word' id='word_1_405' title='bbox 1701 3529 1926 3628; x_wconf 81' lang='lat' dir='ltr'>religionem,</span> <span class='ocrx_word' id='word_1_406' title='bbox 1973 3536 2083 3605; x_wconf 61' lang='lat' dir='ltr'>etiam»</span> 
     </span>
     <span class='ocr_line' id='line_1_34' title="bbox 306 3616 2079 3728; baseline 0.009 -41"><span class='ocrx_word' id='word_1_407' title='bbox 306 3616 348 3691; x_wconf 85' lang='lat' dir='ltr'>lit</span> <span class='ocrx_word' id='word_1_408' title='bbox 370 3636 407 3695; x_wconf 85' lang='lat' dir='ltr'>a&#39;c</span> <span class='ocrx_word' id='word_1_409' title='bbox 429 3630 672 3725; x_wconf 86' lang='lat' dir='ltr'>tempellaribus</span> <span class='ocrx_word' id='word_1_410' title='bbox 696 3635 951 3728; x_wconf 85' lang='lat' dir='ltr'>obtemperant,</span> <span class='ocrx_word' id='word_1_411' title='bbox 986 3630 1074 3702; x_wconf 86' lang='lat' dir='ltr'>neli</span> <span class='ocrx_word' id='word_1_412' title='bbox 1095 3655 1164 3702; x_wconf 91' lang='lat' dir='ltr'>cur·</span> <span class='ocrx_word' id='word_1_413' title='bbox 1209 3657 1286 3706; x_wconf 89' lang='lat' dir='ltr'>cum</span> <span class='ocrx_word' id='word_1_414' title='bbox 1317 3629 1496 3716; x_wconf 86' lang='lat' dir='ltr'>toleratur,</span> <span class='ocrx_word' id='word_1_415' title='bbox 1528 3653 1545 3699; x_wconf 88' lang='lat' dir='ltr'>a</span> <span class='ocrx_word' id='word_1_416' title='bbox 1579 3627 1612 3699; x_wconf 87' lang='lat' dir='ltr'>se</span> <span class='ocrx_word' id='word_1_417' title='bbox 1640 3630 1834 3726; x_wconf 85' lang='lat' dir='ltr'>improbari.</span> <span class='ocrx_word' id='word_1_418' title='bbox 1916 3633 2079 3705; x_wconf 85' lang='lat' dir='ltr'>Cerilolir</span> 
     </span>
     <span class='ocr_line' id='line_1_35' title="bbox 303 3696 2072 3827; baseline 0.006 -37"><span class='ocrx_word' id='word_1_419' title='bbox 303 3712 376 3792; x_wconf 88' lang='lat' dir='ltr'>sum</span> <span class='ocrx_word' id='word_1_420' title='bbox 400 3733 653 3816; x_wconf 89' lang='lat' dir='ltr'>tenerevelint,</span> <span class='ocrx_word' id='word_1_421' title='bbox 679 3730 892 3827; x_wconf 82' lang='lat' dir='ltr'>naufragium</span> <span class='ocrx_word' id='word_1_422' title='bbox 913 3730 1045 3802; x_wconf 81' lang='lat' dir='ltr'>faciant.</span> <span class='ocrx_word' id='word_1_423' title='bbox 1088 3696 1193 3800; x_wconf 59' lang='lat' dir='ltr'>Prae-⁸</span> <span class='ocrx_word' id='word_1_424' title='bbox 1208 3734 1298 3803; x_wconf 81' lang='lat' dir='ltr'>zelus</span> <span class='ocrx_word' id='word_1_425' title='bbox 1334 3724 1499 3806; x_wconf 83' lang='lat' dir='ltr'>suadebit,</span> <span class='ocrx_word' id='word_1_426' title='bbox 1538 3748 1573 3798; x_wconf 94' lang='lat' dir='ltr'>ut</span> <span class='ocrx_word' id='word_1_427' title='bbox 1602 3723 1809 3799; x_wconf 84' lang='lat' dir='ltr'>subditorum</span> <span class='ocrx_word' id='word_1_428' title='bbox 1836 3723 1929 3799; x_wconf 87' lang='lat' dir='ltr'>saluti</span> <span class='ocrx_word' id='word_1_429' title='bbox 1957 3737 1992 3803; x_wconf 77' lang='lat' dir='ltr'>dt</span> <span class='ocrx_word' id='word_1_430' title='bbox 2021 3733 2072 3801; x_wconf 82' lang='lat' dir='ltr'>itr-</span> 
     </span>
    </p>
   </div>
   <div class='ocr_carea' id='block_1_5' title="bbox 305 3816 2093 3927">
    <p class='ocr_par' dir='ltr' id='par_1_6' title="bbox 305 3816 2093 3927">
     <span class='ocr_line' id='line_1_36' title="bbox 305 3816 2093 3927; baseline 0.007 -41"><span class='ocrx_word' id='word_1_431' title='bbox 305 3816 383 3905; x_wconf 86' lang='lat' dir='ltr'>liat,</span> <span class='ocrx_word' id='word_1_432' title='bbox 413 3826 557 3920; x_wconf 87' lang='lat' dir='ltr'>aliquam</span> <span class='ocrx_word' id='word_1_433' title='bbox 581 3828 704 3899; x_wconf 87' lang='lat' dir='ltr'>habere</span> <span class='ocrx_word' id='word_1_434' title='bbox 726 3828 987 3927; x_wconf 83' lang='lat' dir='ltr'>rempublicam,</span> <span class='ocrx_word' id='word_1_435' title='bbox 1019 3826 1096 3898; x_wconf 90' lang='lat' dir='ltr'>licet</span> <span class='ocrx_word' id='word_1_436' title='bbox 1116 3851 1170 3896; x_wconf 85' lang='lat' dir='ltr'>va·</span> <span class='ocrx_word' id='word_1_437' title='bbox 1208 3827 1395 3899; x_wconf 90' lang='lat' dir='ltr'>columitati</span> <span class='ocrx_word' id='word_1_438' title='bbox 1416 3822 1582 3916; x_wconf 87' lang='lat' dir='ltr'>consulat,</span> <span class='ocrx_word' id='word_1_439' title='bbox 1619 3831 1720 3922; x_wconf 79' lang='lat' dir='ltr'>ioque</span> <span class='ocrx_word' id='word_1_440' title='bbox 1743 3846 1868 3907; x_wconf 68' lang='lat' dir='ltr'>omnes,</span> <span class='ocrx_word' id='word_1_441' title='bbox 1882 3825 2093 3899; x_wconf 86' lang='lat' dir='ltr'>occalionee·</span> 
     </span>
    </p>
   </div>
   <div class='ocr_carea' id='block_1_6' title="bbox 191 3919 2073 4022">
    <p class='ocr_par' dir='ltr' id='par_1_7' title="bbox 191 3919 2073 4022">
     <span class='ocr_line' id='line_1_37' title="bbox 191 3919 2073 4022; baseline 0.007 -38"><span class='ocrx_word' id='word_1_442' title='bbox 191 3960 193 3962; x_wconf 28' lang='grc' dir='ltr'>ψ</span> <span class='ocrx_word' id='word_1_443' title='bbox 248 4002 252 4007; x_wconf 27' lang='lat'>¹</span> <span class='ocrx_word' id='word_1_444' title='bbox 305 3919 364 3988; x_wconf 84' lang='lat' dir='ltr'>tiit</span> <span class='ocrx_word' id='word_1_445' title='bbox 383 3919 426 3989; x_wconf 93' lang='lat' dir='ltr'>de</span> <span class='ocrx_word' id='word_1_446' title='bbox 443 3922 954 4016; x_wconf 77' lang='lat' dir='ltr'>religionedissidiia&#39;tutbatam,</span> <span class='ocrx_word' id='word_1_447' title='bbox 983 3949 1083 4022; x_wconf 89' lang='lat' dir='ltr'>quam</span> <span class='ocrx_word' id='word_1_448' title='bbox 1096 3926 1170 3994; x_wconf 89' lang='lat' dir='ltr'>nul·</span> <span class='ocrx_word' id='word_1_449' title='bbox 1206 3922 1244 3996; x_wconf 82' lang='lat' dir='ltr'>stt</span> <span class='ocrx_word' id='word_1_450' title='bbox 1259 3931 1420 4014; x_wconf 82' lang='lat' dir='ltr'>intentus,</span> <span class='ocrx_word' id='word_1_451' title='bbox 1446 3924 1563 4022; x_wconf 85' lang='lat' dir='ltr'>quibus</span> <span class='ocrx_word' id='word_1_452' title='bbox 1579 3943 1724 3997; x_wconf 85' lang='lat' dir='ltr'>errantes</span> <span class='ocrx_word' id='word_1_453' title='bbox 1745 3920 1917 3999; x_wconf 76' lang='lat' dir='ltr'>&amp;sedudli</span> <span class='ocrx_word' id='word_1_454' title='bbox 1934 3928 1967 3996; x_wconf 91' lang='lat' dir='ltr'>in</span> <span class='ocrx_word' id='word_1_455' title='bbox 1981 3930 2073 4005; x_wconf 79' lang='lat' dir='ltr'>tiam</span> 
     </span>
    </p>
   </div>
   <div class='ocr_carea' id='block_1_7' title="bbox 226 4009 2074 4390">
    <p class='ocr_par' dir='ltr' id='par_1_8' title="bbox 226 4009 2074 4390">
     <span class='ocr_line' id='line_1_38' title="bbox 226 4009 2074 4122; baseline 0.006 -39"><span class='ocrx_word' id='word_1_456' title='bbox 226 4101 228 4104; x_wconf 15' lang='grc' dir='ltr'>Ι</span> <span class='ocrx_word' id='word_1_457' title='bbox 304 4009 392 4086; x_wconf 87' lang='lat' dir='ltr'>iarn:</span> <span class='ocrx_word' id='word_1_458' title='bbox 426 4021 550 4114; x_wconf 85' lang='lat' dir='ltr'>praellat</span> <span class='ocrx_word' id='word_1_459' title='bbox 567 4018 712 4095; x_wconf 85' lang='lat' dir='ltr'>subditos</span> <span class='ocrx_word' id='word_1_460' title='bbox 734 4029 807 4122; x_wconf 87' lang='lat' dir='ltr'>pios</span> <span class='ocrx_word' id='word_1_461' title='bbox 827 4048 914 4096; x_wconf 76' lang='lat' dir='ltr'>vera</span> <span class='ocrx_word' id='word_1_462' title='bbox 936 4025 1094 4120; x_wconf 88' lang='lat' dir='ltr'>religioni</span> <span class='ocrx_word' id='word_1_463' title='bbox 1112 4024 1168 4093; x_wconf 88' lang='lat' dir='ltr'>ad·</span> <span class='ocrx_word' id='word_1_464' title='bbox 1206 4027 1353 4115; x_wconf 83' lang='lat' dir='ltr'>veritatis</span> <span class='ocrx_word' id='word_1_465' title='bbox 1383 4025 1498 4096; x_wconf 89' lang='lat' dir='ltr'>reduci</span> <span class='ocrx_word' id='word_1_466' title='bbox 1516 4077 1527 4112; x_wconf 94' lang='lat'>,</span> <span class='ocrx_word' id='word_1_467' title='bbox 1566 4029 1600 4096; x_wconf 73' lang='grc' dir='ltr'><strong>ἁ</strong></span> <span class='ocrx_word' id='word_1_468' title='bbox 1620 4020 1769 4094; x_wconf 77' lang='lat' dir='ltr'>‘ecclesiae</span> <span class='ocrx_word' id='word_1_469' title='bbox 1798 4047 1885 4094; x_wconf 84' lang='lat' dir='ltr'>verae</span> <span class='ocrx_word' id='word_1_470' title='bbox 1909 4019 2074 4096; x_wconf 82' lang='lat' dir='ltr'>adsociati</span> 
     </span>
     <span class='ocr_line' id='line_1_39' title="bbox 304 4112 2071 4220; baseline 0.006 -37"><span class='ocrx_word' id='word_1_471' title='bbox 304 4112 414 4185; x_wconf 75' lang='lat' dir='ltr'>didloa</span> <span class='ocrx_word' id='word_1_472' title='bbox 434 4143 470 4188; x_wconf 87' lang='lat' dir='ltr'>nc</span> <span class='ocrx_word' id='word_1_473' title='bbox 487 4117 577 4192; x_wconf 92' lang='lat' dir='ltr'>velut</span> <span class='ocrx_word' id='word_1_474' title='bbox 594 4119 703 4194; x_wconf 89' lang='lat' dir='ltr'>lilium</span> <span class='ocrx_word' id='word_1_475' title='bbox 727 4129 813 4194; x_wconf 87' lang='lat' dir='ltr'>inter</span> <span class='ocrx_word' id='word_1_476' title='bbox 828 4117 936 4219; x_wconf 85' lang='lat' dir='ltr'>spinas</span> <span class='ocrx_word' id='word_1_477' title='bbox 955 4116 1091 4192; x_wconf 76' lang='lat' dir='ltr'>diversae</span> <span class='ocrx_word' id='word_1_478' title='bbox 1113 4145 1169 4191; x_wconf 89' lang='lat' dir='ltr'>re·</span> <span class='ocrx_word' id='word_1_479' title='bbox 1204 4121 1336 4220; x_wconf 79' lang='lat' dir='ltr'>politur.</span> <span class='ocrx_word' id='word_1_480' title='bbox 1396 4124 1576 4197; x_wconf 83' lang='lat' dir='ltr'>Prodtnlio</span> <span class='ocrx_word' id='word_1_481' title='bbox 1604 4117 1757 4217; x_wconf 84' lang='lat' dir='ltr'>suggeret</span> <span class='ocrx_word' id='word_1_482' title='bbox 1779 4121 1921 4196; x_wconf 92' lang='lat' dir='ltr'>modum</span> <span class='ocrx_word' id='word_1_483' title='bbox 1941 4128 1982 4195; x_wconf 78' lang='lat' dir='ltr'>ac‘</span> <span class='ocrx_word' id='word_1_484' title='bbox 1997 4146 2071 4194; x_wconf 82' lang='lat' dir='ltr'>nte·</span> 
     </span>
     <span class='ocr_line' id='line_1_40' title="bbox 268 4209 2073 4338; baseline 0.007 -59"><span class='ocrx_word' id='word_1_485' title='bbox 268 4306 274 4315; x_wconf 16' lang='lat' dir='ltr'>A</span> <span class='ocrx_word' id='word_1_486' title='bbox 304 4209 442 4311; x_wconf 85' lang='lat' dir='ltr'>ligionls</span> <span class='ocrx_word' id='word_1_487' title='bbox 461 4213 677 4291; x_wconf 79' lang='lat' dir='ltr'>sedlatoribus</span> <span class='ocrx_word' id='word_1_488' title='bbox 693 4224 903 4313; x_wconf 79' lang='lat' dir='ltr'>intermixtae</span> <span class='ocrx_word' id='word_1_489' title='bbox 923 4222 1009 4292; x_wconf 90' lang='lat' dir='ltr'>tucri</span> <span class='ocrx_word' id='word_1_490' title='bbox 1032 4226 1067 4294; x_wconf 74' lang='lat' dir='ltr'>n</span> <span class='ocrx_word' id='word_1_491' title='bbox 1086 4243 1168 4292; x_wconf 85' lang='lat' dir='ltr'>con·</span> <span class='ocrx_word' id='word_1_492' title='bbox 1204 4221 1278 4307; x_wconf 91' lang='lat' dir='ltr'>dia,</span> <span class='ocrx_word' id='word_1_493' title='bbox 1302 4221 1420 4319; x_wconf 84' lang='lat' dir='ltr'>quibus</span> <span class='ocrx_word' id='word_1_494' title='bbox 1440 4229 1474 4295; x_wconf 79' lang='lat' dir='ltr'>dt</span> <span class='ocrx_word' id='word_1_495' title='bbox 1495 4228 1615 4292; x_wconf 84' lang='lat' dir='ltr'>vetitas</span> <span class='ocrx_word' id='word_1_496' title='bbox 1638 4219 1772 4290; x_wconf 88' lang='lat' dir='ltr'>llabiliri</span> <span class='ocrx_word' id='word_1_497' title='bbox 1792 4227 1826 4294; x_wconf 82' lang='lat' dir='ltr'>dt</span> <span class='ocrx_word' id='word_1_498' title='bbox 1843 4226 1959 4292; x_wconf 82' lang='lat' dir='ltr'>caritas</span> <span class='ocrx_word' id='word_1_499' title='bbox 1974 4245 2073 4338; x_wconf 48' lang='lat' dir='ltr'>exer:</span> 
     </span>
     <span class='ocr_line' id='line_1_41' title="bbox 1956 4339 2072 4390; baseline -0.009 -1"><span class='ocrx_word' id='word_1_500' title='bbox 1956 4340 1960 4345; x_wconf 87' lang='lat'><em>·</em></span> <span class='ocrx_word' id='word_1_501' title='bbox 1998 4339 2072 4390; x_wconf 90' lang='lat' dir='ltr'>cerr</span> 
     </span>
    </p>
   </div>
   <div class='ocr_carea' id='block_1_8' title="bbox 342 4438 2085 5040">
    <p class='ocr_par' dir='ltr' id='par_1_9' title="bbox 342 4438 2085 5040">
     <span class='ocr_line' id='line_1_42' title="bbox 342 4438 2071 4533; baseline -0.003 -31"><span class='ocrx_word' id='word_1_502' title='bbox 342 4438 395 4517; x_wconf 58' lang='grc' dir='ltr'>ξ’)</span> <span class='ocrx_word' id='word_1_503' title='bbox 416 4443 579 4502; x_wconf 77' lang='lat' dir='ltr'>Theudosius</span> <span class='ocrx_word' id='word_1_504' title='bbox 597 4443 689 4513; x_wconf 84' lang='lat' dir='ltr'>junior</span> <span class='ocrx_word' id='word_1_505' title='bbox 703 4445 866 4503; x_wconf 82' lang='lat' dir='ltr'>Asianorum</span> <span class='ocrx_word' id='word_1_506' title='bbox 883 4442 1040 4512; x_wconf 74' lang='lat' dir='ltr'>religionem</span> <span class='ocrx_word' id='word_1_507' title='bbox 1061 4442 1088 4499; x_wconf 78' lang='lat' dir='ltr'>bt</span> <span class='ocrx_word' id='word_1_508' title='bbox 1110 4446 1165 4499; x_wconf 89' lang='lat' dir='ltr'>eol·</span> <span class='ocrx_word' id='word_1_509' title='bbox 1285 4447 1356 4533; x_wconf 58' lang='lat' dir='ltr'>miv</span> <span class='ocrx_word' id='word_1_510' title='bbox 1371 4447 1451 4516; x_wconf 70' lang='lat' dir='ltr'>apost.</span> <span class='ocrx_word' id='word_1_511' title='bbox 1466 4447 1494 4501; x_wconf 89' lang='lat' dir='ltr'>in</span> <span class='ocrx_word' id='word_1_512' title='bbox 1511 4447 1637 4516; x_wconf 76' lang='lat' dir='ltr'>desperat.</span> <span class='ocrx_word' id='word_1_513' title='bbox 1654 4446 1729 4501; x_wconf 81' lang='lat' dir='ltr'>Cale.</span> <span class='ocrx_word' id='word_1_514' title='bbox 1743 4444 1815 4499; x_wconf 82' lang='lat' dir='ltr'>ceole</span> <span class='ocrx_word' id='word_1_515' title='bbox 1834 4463 1861 4517; x_wconf 87' lang='lat' dir='ltr'>p.</span> <span class='ocrx_word' id='word_1_516' title='bbox 1876 4447 1936 4503; x_wconf 75' lang='lat' dir='ltr'>rto.</span> <span class='ocrx_word' id='word_1_517' title='bbox 1959 4441 2071 4509; x_wconf 71' lang='lat' dir='ltr'>bada·</span> 
     </span>
     <span class='ocr_line' id='line_1_43' title="bbox 383 4520 2072 4611; baseline 0.003 -32"><span class='ocrx_word' id='word_1_518' title='bbox 383 4525 601 4594; x_wconf 70' lang='lat' dir='ltr'>legia-neminie</span> <span class='ocrx_word' id='word_1_519' title='bbox 623 4525 729 4596; x_wconf 84' lang='lat' dir='ltr'>quidem</span> <span class='ocrx_word' id='word_1_520' title='bbox 745 4527 854 4594; x_wconf 79' lang='lat' dir='ltr'>edent,</span> <span class='ocrx_word' id='word_1_521' title='bbox 880 4524 989 4578; x_wconf 80' lang='lat' dir='ltr'>interint</span> <span class='ocrx_word' id='word_1_522' title='bbox 1007 4525 1070 4593; x_wconf 84' lang='lat' dir='ltr'>qnia</span> <span class='ocrx_word' id='word_1_523' title='bbox 1092 4527 1165 4579; x_wconf 84' lang='lat' dir='ltr'>nulla</span> <span class='ocrx_word' id='word_1_524' title='bbox 1286 4521 1340 4582; x_wconf 86' lang='lat' dir='ltr'>bile</span> <span class='ocrx_word' id='word_1_525' title='bbox 1359 4520 1398 4585; x_wconf 68' lang='lat'>&amp;¹</span> <span class='ocrx_word' id='word_1_526' title='bbox 1414 4523 1536 4611; x_wconf 83' lang='lat' dir='ltr'>prudens</span> <span class='ocrx_word' id='word_1_527' title='bbox 1553 4521 1591 4594; x_wconf 77' lang='lat' dir='ltr'>est</span> <span class='ocrx_word' id='word_1_528' title='bbox 1609 4522 1764 4597; x_wconf 60' lang='lat' dir='ltr'>cornelione.</span> <span class='ocrx_word' id='word_1_529' title='bbox 1795 4541 1848 4599; x_wconf 86' lang='lat' dir='ltr'>qno</span> <span class='ocrx_word' id='word_1_530' title='bbox 1865 4521 2072 4589; x_wconf 83' lang='lat' dir='ltr'>HettrieasIV.</span> 
     </span>
     <span class='ocr_line' id='line_1_44' title="bbox 386 4600 2072 4679; baseline 0.003 -20"><span class='ocrx_word' id='word_1_531' title='bbox 386 4609 413 4659; x_wconf 83' lang='lat' dir='ltr'>el</span> <span class='ocrx_word' id='word_1_532' title='bbox 430 4604 584 4657; x_wconf 83' lang='lat' dir='ltr'>enlcindete</span> <span class='ocrx_word' id='word_1_533' title='bbox 601 4607 698 4673; x_wconf 82' lang='lat' dir='ltr'>pollet.</span> <span class='ocrx_word' id='word_1_534' title='bbox 717 4605 829 4666; x_wconf 81' lang='lat' dir='ltr'>serebat,</span> <span class='ocrx_word' id='word_1_535' title='bbox 851 4620 911 4657; x_wconf 83' lang='lat' dir='ltr'>enm</span> <span class='ocrx_word' id='word_1_536' title='bbox 927 4605 1038 4657; x_wconf 90' lang='lat' dir='ltr'>ineunte</span> <span class='ocrx_word' id='word_1_537' title='bbox 1053 4604 1168 4673; x_wconf 75' lang='lat' dir='ltr'>Imperio</span> <span class='ocrx_word' id='word_1_538' title='bbox 1290 4600 1388 4662; x_wconf 78' lang='lat' dir='ltr'>Gallie</span> <span class='ocrx_word' id='word_1_539' title='bbox 1404 4614 1442 4664; x_wconf 67' lang='grc' dir='ltr'>θ’</span> <span class='ocrx_word' id='word_1_540' title='bbox 1459 4601 1600 4662; x_wconf 83' lang='lat' dir='ltr'>Novorrae</span> <span class='ocrx_word' id='word_1_541' title='bbox 1617 4621 1687 4668; x_wconf 82' lang='lat' dir='ltr'>rex,</span> <span class='ocrx_word' id='word_1_542' title='bbox 1708 4600 1808 4679; x_wconf 68' lang='lat' dir='ltr'>stanteis</span> <span class='ocrx_word' id='word_1_543' title='bbox 1826 4600 1951 4661; x_wconf 81' lang='lat' dir='ltr'>ontttt&#39;bns</span> <span class='ocrx_word' id='word_1_544' title='bbox 1975 4608 2006 4663; x_wconf 90' lang='lat' dir='ltr'>in</span> <span class='ocrx_word' id='word_1_545' title='bbox 2023 4624 2072 4664; x_wconf 91' lang='lat' dir='ltr'>no·</span> 
     </span>
     <span class='ocr_line' id='line_1_45' title="bbox 384 4677 2074 4762; baseline 0.004 -24"><span class='ocrx_word' id='word_1_546' title='bbox 384 4685 536 4753; x_wconf 79' lang='lat' dir='ltr'>provincias</span> <span class='ocrx_word' id='word_1_547' title='bbox 552 4700 646 4739; x_wconf 85' lang='lat' dir='ltr'>omnes</span> <span class='ocrx_word' id='word_1_548' title='bbox 668 4685 781 4738; x_wconf 76' lang='lat' dir='ltr'>orientis</span> <span class='ocrx_word' id='word_1_549' title='bbox 798 4683 959 4740; x_wconf 78' lang='lat' dir='ltr'>Atimetum</span> <span class='ocrx_word' id='word_1_550' title='bbox 978 4685 1071 4751; x_wconf 84' lang='lat' dir='ltr'>plenae</span> <span class='ocrx_word' id='word_1_551' title='bbox 1090 4699 1168 4754; x_wconf 86' lang='lat' dir='ltr'>repe·</span> <span class='ocrx_word' id='word_1_552' title='bbox 1287 4678 1408 4758; x_wconf 72' lang='lat' dir='ltr'>bilffrnto</span> <span class='ocrx_word' id='word_1_553' title='bbox 1422 4677 1475 4762; x_wconf 77' lang='lat' dir='ltr'>sno</span> <span class='ocrx_word' id='word_1_554' title='bbox 1492 4700 1574 4760; x_wconf 85' lang='lat' dir='ltr'>regno</span> <span class='ocrx_word' id='word_1_555' title='bbox 1592 4697 1640 4759; x_wconf 83' lang='lat' dir='ltr'>pro</span> <span class='ocrx_word' id='word_1_556' title='bbox 1657 4697 1774 4761; x_wconf 84' lang='lat' dir='ltr'>eentpere</span> <span class='ocrx_word' id='word_1_557' title='bbox 1789 4679 1929 4760; x_wconf 77' lang='lat' dir='ltr'>religionis</span> <span class='ocrx_word' id='word_1_558' title='bbox 1944 4685 2074 4744; x_wconf 83' lang='lat' dir='ltr'>inrtnnni·</span> 
     </span>
     <span class='ocr_line' id='line_1_46' title="bbox 384 4758 2074 4841; baseline 0.004 -23"><span class='ocrx_word' id='word_1_559' title='bbox 384 4765 463 4818; x_wconf 83' lang='lat' dir='ltr'>sitiet.</span> <span class='ocrx_word' id='word_1_560' title='bbox 503 4765 661 4820; x_wconf 72' lang='lat' dir='ltr'>Athanasius</span> <span class='ocrx_word' id='word_1_561' title='bbox 679 4758 772 4831; x_wconf 70' lang='lat' dir='ltr'>rogem</span> <span class='ocrx_word' id='word_1_562' title='bbox 789 4763 934 4816; x_wconf 85' lang='lat' dir='ltr'>Constantii</span> <span class='ocrx_word' id='word_1_563' title='bbox 948 4762 1116 4830; x_wconf 78' lang='lat' dir='ltr'>imperatoria</span> <span class='ocrx_word' id='word_1_564' title='bbox 1132 4780 1168 4818; x_wconf 85' lang='lat' dir='ltr'>ex</span> <span class='ocrx_word' id='word_1_565' title='bbox 1289 4780 1393 4836; x_wconf 73' lang='lat' dir='ltr'>meent,</span> <span class='ocrx_word' id='word_1_566' title='bbox 1408 4760 1616 4840; x_wconf 78' lang='lat' dir='ltr'>patefietanne</span> <span class='ocrx_word' id='word_1_567' title='bbox 1623 4762 1696 4839; x_wconf 75' lang='lat' dir='ltr'>jecit</span> <span class='ocrx_word' id='word_1_568' title='bbox 1710 4760 1748 4818; x_wconf 85' lang='lat' dir='ltr'>od</span> <span class='ocrx_word' id='word_1_569' title='bbox 1757 4758 1882 4820; x_wconf 84' lang='lat' dir='ltr'>droinntn</span> <span class='ocrx_word' id='word_1_570' title='bbox 1891 4762 1955 4841; x_wconf 55' lang='lat' dir='ltr'>mot</span> <span class='ocrx_word' id='word_1_571' title='bbox 1965 4763 2074 4824; x_wconf 68' lang='lat' dir='ltr'>colun</span> 
     </span>
     <span class='ocr_line' id='line_1_47' title="bbox 384 4834 2075 4923; baseline 0.003 -27"><span class='ocrx_word' id='word_1_572' title='bbox 384 4834 493 4902; x_wconf 72' lang='lat' dir='ltr'>multis,</span> <span class='ocrx_word' id='word_1_573' title='bbox 513 4859 572 4910; x_wconf 81' lang='lat' dir='ltr'>quae</span> <span class='ocrx_word' id='word_1_574' title='bbox 581 4854 656 4897; x_wconf 82' lang='lat' dir='ltr'>erent</span> <span class='ocrx_word' id='word_1_575' title='bbox 672 4842 861 4901; x_wconf 79' lang='lat' dir='ltr'>Alexandriae.</span> <span class='ocrx_word' id='word_1_576' title='bbox 879 4842 1080 4910; x_wconf 71' lang='lat' dir='ltr'>templlsnnnnt</span> <span class='ocrx_word' id='word_1_577' title='bbox 1088 4845 1169 4899; x_wconf 77' lang='lat' dir='ltr'>Arla-</span> <span class='ocrx_word' id='word_1_578' title='bbox 1282 4839 1335 4922; x_wconf 82' lang='lat' dir='ltr'>sno</span> <span class='ocrx_word' id='word_1_579' title='bbox 1357 4841 1414 4900; x_wconf 85' lang='lat' dir='ltr'>loro</span> <span class='ocrx_word' id='word_1_580' title='bbox 1436 4842 1524 4910; x_wconf 80' lang='lat' dir='ltr'>nalem</span> <span class='ocrx_word' id='word_1_581' title='bbox 1545 4840 1582 4903; x_wconf 68' lang='lat' dir='ltr'>ln</span> <span class='ocrx_word' id='word_1_582' title='bbox 1591 4837 1689 4919; x_wconf 72' lang='lat' dir='ltr'>ficere</span> <span class='ocrx_word' id='word_1_583' title='bbox 1704 4842 1898 4916; x_wconf 80' lang='lat' dir='ltr'>conveniendi,</span> <span class='ocrx_word' id='word_1_584' title='bbox 1927 4861 1980 4921; x_wconf 79' lang='lat' dir='ltr'>qne</span> <span class='ocrx_word' id='word_1_585' title='bbox 1993 4847 2075 4923; x_wconf 74' lang='lat' dir='ltr'>pelle</span> 
     </span>
     <span class='ocr_line' id='line_1_48' title="bbox 383 4915 2085 5040; baseline 0 -63"><span class='ocrx_word' id='word_1_586' title='bbox 383 4923 426 4977; x_wconf 86' lang='lat' dir='ltr'>nls</span> <span class='ocrx_word' id='word_1_587' title='bbox 451 4923 598 4975; x_wconf 80' lang='lat' dir='ltr'>concedere</span> <span class='ocrx_word' id='word_1_588' title='bbox 622 4922 726 4990; x_wconf 81' lang='lat' dir='ltr'>veluit,</span> <span class='ocrx_word' id='word_1_589' title='bbox 755 4922 779 4973; x_wconf 85' lang='lat' dir='ltr'>sr-</span> <span class='ocrx_word' id='word_1_590' title='bbox 794 4921 952 4972; x_wconf 72' lang='lat' dir='ltr'>orthodoxis</span> <span class='ocrx_word' id='word_1_591' title='bbox 975 4920 1054 4973; x_wconf 61' lang='lat' dir='ltr'>mern</span> <span class='ocrx_word' id='word_1_592' title='bbox 1078 4925 1174 4978; x_wconf 79' lang='lat' dir='ltr'>Antin-</span> <span class='ocrx_word' id='word_1_593' title='bbox 1289 4917 1397 4999; x_wconf 79' lang='lat' dir='ltr'>publica</span> <span class='ocrx_word' id='word_1_594' title='bbox 1412 4915 1495 4979; x_wconf 82' lang='lat' dir='ltr'>sotim</span> <span class='ocrx_word' id='word_1_595' title='bbox 1507 4924 1585 5001; x_wconf 81' lang='lat' dir='ltr'>regeri</span> <span class='ocrx_word' id='word_1_596' title='bbox 1598 4918 1636 4981; x_wconf 59' lang='grc' dir='ltr'>ἐφ’</span> <span class='ocrx_word' id='word_1_597' title='bbox 1650 4926 1681 4978; x_wconf 84' lang='lat' dir='ltr'>t&#39;n</span> <span class='ocrx_word' id='word_1_598' title='bbox 1698 4939 1727 4976; x_wconf 85' lang='lat' dir='ltr'>eo</span> <span class='ocrx_word' id='word_1_599' title='bbox 1742 4917 1876 4980; x_wconf 78' lang='lat' dir='ltr'>catholice</span> <span class='ocrx_word' id='word_1_600' title='bbox 1895 4921 2085 5040; x_wconf 43' lang='lat' dir='ltr'>‘scs‘fiaepaff-</span> 
     </span>
    </p>
   </div>
   <div class='ocr_carea' id='block_1_9' title="bbox 382 4996 2036 5095">
    <p class='ocr_par' dir='ltr' id='par_1_10' title="bbox 382 4996 2036 5095">
     <span class='ocr_line' id='line_1_49' title="bbox 382 4996 2036 5095; baseline 0.006 -37"><span class='ocrx_word' id='word_1_601' title='bbox 382 5003 447 5058; x_wconf 77' lang='lat' dir='ltr'>abiae</span> <span class='ocrx_word' id='word_1_602' title='bbox 468 5017 552 5056; x_wconf 78' lang='lat' dir='ltr'>auno</span> <span class='ocrx_word' id='word_1_603' title='bbox 570 5004 700 5074; x_wconf 82' lang='lat' dir='ltr'>templum</span> <span class='ocrx_word' id='word_1_604' title='bbox 718 5001 927 5074; x_wconf 72' lang='lat' dir='ltr'>permitteretur.</span> <span class='ocrx_word' id='word_1_605' title='bbox 965 5001 1061 5095; x_wconf 72' lang='lat' dir='ltr'>Pelius</span> <span class='ocrx_word' id='word_1_606' title='bbox 1079 5004 1173 5072; x_wconf 65' lang='lat' dir='ltr'>carte</span> <span class='ocrx_word' id='word_1_607' title='bbox 1288 5007 1393 5080; x_wconf 69' lang='lat' dir='ltr'>tillut,</span> <span class='ocrx_word' id='word_1_608' title='bbox 1414 4997 1450 5069; x_wconf 54' lang='grc' dir='ltr'>(θ’</span> <span class='ocrx_word' id='word_1_609' title='bbox 1464 5006 1647 5087; x_wconf 64' lang='lat' dir='ltr'>posrraeleltet</span> <span class='ocrx_word' id='word_1_610' title='bbox 1661 4996 1849 5086; x_wconf 66' lang='lat' dir='ltr'>tottstlvillel&#39;·</span> <span class='ocrx_word' id='word_1_611' title='bbox 1868 5006 2036 5068; x_wconf 70' lang='lat' dir='ltr'>nemeen</span> 
     </span>
    </p>
   </div>
   <div class='ocr_carea' id='block_1_10' title="bbox 0 0 2426 5859">
    <p class='ocr_par' dir='ltr' id='par_1_11' title="bbox 0 0 2426 5859">
     <span class='ocr_line' id='line_1_50' title="bbox 0 0 2426 5859; baseline 0 1"><span class='ocrx_word' id='word_1_612' title='bbox 0 0 2426 5859; x_wconf 95' lang='lat' dir='ltr'> </span> 
     </span>
    </p>
   </div>
  </div>
 </body>
</html>
