<?xml version="1.0" encoding="UTF-8"?>
<!DOCTYPE html PUBLIC "-//W3C//DTD XHTML 1.0 Transitional//EN"
    "http://www.w3.org/TR/xhtml1/DTD/xhtml1-transitional.dtd">
<html xmlns="http://www.w3.org/1999/xhtml" xml:lang="en" lang="en">
 <head>
  <title>
</title>
<meta http-equiv="Content-Type" content="text/html;charset=utf-8" />
  <meta name='ocr-system' content='tesseract 3.04.00' />
  <meta name='ocr-capabilities' content='ocr_page ocr_carea ocr_par ocr_line ocrx_word'/>
</head>
<body>
  <div class='ocr_page' id='page_1' title='image "./locitheologicic07cottgoog_0019.png"; bbox 0 0 4842 5859; ppageno 0'>
   <div class='ocr_carea' id='block_1_1' title="bbox 436 332 1970 507">
    <p class='ocr_par' dir='ltr' id='par_1_1' title="bbox 436 332 1970 507">
     <span class='ocr_line' id='line_1_1' title="bbox 436 332 1970 507; baseline -0.012 -36"><span class='ocrx_word' id='word_1_1' title='bbox 436 400 508 481; x_wconf 75' lang='lat' dir='ltr'><em>ne</em></span> <span class='ocrx_word' id='word_1_2' title='bbox 557 332 840 478; x_wconf 75' lang='lat' dir='ltr'><em>uenenis,</em></span> <span class='ocrx_word' id='word_1_3' title='bbox 891 386 948 463; x_wconf 82' lang='lat' dir='ltr'><em>sn</em></span> <span class='ocrx_word' id='word_1_4' title='bbox 996 383 1112 487; x_wconf 58' lang='lat' dir='ltr'><em>ona</em></span> <span class='ocrx_word' id='word_1_5' title='bbox 1161 382 1503 464; x_wconf 70' lang='lat' dir='ltr'><em>ninrs‘rcen,</em></span> <span class='ocrx_word' id='word_1_6' title='bbox 1834 402 1859 471; x_wconf 82' lang='lat'><strong>‚</strong></span> <span class='ocrx_word' id='word_1_7' title='bbox 1914 362 1970 507; x_wconf 57' lang='lat' dir='ltr'><strong><em>f</em></strong></span> 
     </span>
    </p>
   </div>
   <div class='ocr_carea' id='block_1_2' title="bbox 176 547 1850 958">
    <p class='ocr_par' dir='ltr' id='par_1_2' title="bbox 176 547 1850 857">
     <span class='ocr_line' id='line_1_2' title="bbox 176 547 1849 666; baseline -0.009 -26"><span class='ocrx_word' id='word_1_8' title='bbox 176 608 294 666; x_wconf 52' lang='grc' dir='ltr'><em>Μὴ,</em></span> <span class='ocrx_word' id='word_1_9' title='bbox 344 569 427 641; x_wconf 84' lang='lat' dir='ltr'><em>riam</em></span> <span class='ocrx_word' id='word_1_10' title='bbox 435 568 485 666; x_wconf 85' lang='lat' dir='ltr'><em>st</em></span> <span class='ocrx_word' id='word_1_11' title='bbox 494 556 776 637; x_wconf 70' lang='lat' dir='ltr'><em>committendam?</em></span> <span class='ocrx_word' id='word_1_12' title='bbox 789 548 886 651; x_wconf 78' lang='lat' dir='ltr'><em>Rcsp,</em></span> <span class='ocrx_word' id='word_1_13' title='bbox 894 554 958 625; x_wconf 87' lang='lat' dir='ltr'><em>Le.</em></span> <span class='ocrx_word' id='word_1_14' title='bbox 981 552 1068 651; x_wconf 83' lang='lat' dir='ltr'><em>solis</em></span> <span class='ocrx_word' id='word_1_15' title='bbox 1079 550 1148 629; x_wconf 75' lang='lat' dir='ltr'><em>dis,</em></span> <span class='ocrx_word' id='word_1_16' title='bbox 1165 574 1249 648; x_wconf 82' lang='lat' dir='ltr'><em>qnae</em></span> <span class='ocrx_word' id='word_1_17' title='bbox 1265 554 1300 625; x_wconf 89' lang='lat' dir='ltr'><em>ia</em></span> <span class='ocrx_word' id='word_1_18' title='bbox 1311 553 1428 647; x_wconf 80' lang='lat' dir='ltr'><em>infimis</em></span> <span class='ocrx_word' id='word_1_19' title='bbox 1442 547 1849 639; x_wconf 76' lang='lat' dir='ltr'><em>calcantur,intendit&amp;c.</em></span> 
     </span>
     <span class='ocr_line' id='line_1_3' title="bbox 176 650 1850 766; baseline -0.011 -27"><span class='ocrx_word' id='word_1_20' title='bbox 176 688 296 766; x_wconf 56' lang='lat' dir='ltr'><em>emus.</em></span> <span class='ocrx_word' id='word_1_21' title='bbox 344 669 578 748; x_wconf 74' lang='lat' dir='ltr'><em>vit.xxr.17.</em></span> <span class='ocrx_word' id='word_1_22' title='bbox 605 651 955 749; x_wconf 81' lang='lat' dir='ltr'><em>enllatdisertapro·</em></span> <span class='ocrx_word' id='word_1_23' title='bbox 986 656 1117 745; x_wconf 85' lang='lat' dir='ltr'><em>Lippus</em></span> <span class='ocrx_word' id='word_1_24' title='bbox 1136 654 1198 739; x_wconf 86' lang='grc' dir='ltr'><em>ιβ,</em></span> <span class='ocrx_word' id='word_1_25' title='bbox 1232 652 1463 749; x_wconf 79' lang='lat' dir='ltr'><em>cnsnssensum</em></span> <span class='ocrx_word' id='word_1_26' title='bbox 1487 650 1850 745; x_wconf 82' lang='lat' dir='ltr'><em>naturaenacait,·srd</em></span> 
     </span>
     <span class='ocr_line' id='line_1_4' title="bbox 176 750 1849 857; baseline -0.002 -33"><span class='ocrx_word' id='word_1_27' title='bbox 176 774 237 828; x_wconf 67' lang='lat' dir='ltr'><em>snm</em></span> <span class='ocrx_word' id='word_1_28' title='bbox 340 768 483 841; x_wconf 79' lang='lat' dir='ltr'><em>hibiriot</em></span> <span class='ocrx_word' id='word_1_29' title='bbox 508 772 651 838; x_wconf 84' lang='lat' dir='ltr'><em>Lacutur</em></span> <span class='ocrx_word' id='word_1_30' title='bbox 668 755 712 849; x_wconf 97' lang='grc' dir='ltr'><em>ιβ</em></span> <span class='ocrx_word' id='word_1_31' title='bbox 727 756 895 832; x_wconf 66' lang='lat' dir='ltr'><em>Domana</em></span> <span class='ocrx_word' id='word_1_32' title='bbox 909 760 953 827; x_wconf 77' lang='lat' dir='ltr'><em>ad</em></span> <span class='ocrx_word' id='word_1_33' title='bbox 984 750 1242 846; x_wconf 79' lang='lat' dir='ltr'><em>conuersationis</em></span> <span class='ocrx_word' id='word_1_34' title='bbox 1258 754 1602 857; x_wconf 43' lang='lat' dir='ltr'><em>prauitas‘eonsandit.</em></span> <span class='ocrx_word' id='word_1_35' title='bbox 1654 754 1849 847; x_wconf 69' lang='lat' dir='ltr'><em>albuginem</em></span> 
     </span>
    </p>

    <p class='ocr_par' dir='ltr' id='par_1_3' title="bbox 339 849 1849 958">
     <span class='ocr_line' id='line_1_5' title="bbox 339 849 1849 958; baseline -0.006 -28"><span class='ocrx_word' id='word_1_36' title='bbox 339 864 480 958; x_wconf 78' lang='lat' dir='ltr'><em>Mosen,</em></span> <span class='ocrx_word' id='word_1_37' title='bbox 504 866 630 932; x_wconf 87' lang='lat' dir='ltr'><em>dicens:</em></span> <span class='ocrx_word' id='word_1_38' title='bbox 653 867 802 952; x_wconf 79' lang='lat' dir='ltr'><em>Loquere</em></span> <span class='ocrx_word' id='word_1_39' title='bbox 819 855 863 923; x_wconf 81' lang='lat' dir='ltr'><em>ad</em></span> <span class='ocrx_word' id='word_1_40' title='bbox 882 858 951 930; x_wconf 75' lang='lat' dir='ltr'><em>¹Aa·</em></span> <span class='ocrx_word' id='word_1_41' title='bbox 986 849 1080 923; x_wconf 71' lang='lat' dir='ltr'><em>macc</em></span> <span class='ocrx_word' id='word_1_42' title='bbox 1096 854 1133 923; x_wconf 77' lang='lat' dir='ltr'><em>ia</em></span> <span class='ocrx_word' id='word_1_43' title='bbox 1150 851 1264 933; x_wconf 74' lang='lat' dir='ltr'><em>ecam.</em></span> <span class='ocrx_word' id='word_1_44' title='bbox 1289 856 1348 947; x_wconf 84' lang='lat' dir='ltr'><em>qni</em></span> <span class='ocrx_word' id='word_1_45' title='bbox 1365 854 1514 923; x_wconf 65' lang='lat' dir='ltr'><em>cernatis</em></span> <span class='ocrx_word' id='word_1_46' title='bbox 1534 852 1632 924; x_wconf 87' lang='lat' dir='ltr'><em>lescen</em></span> <span class='ocrx_word' id='word_1_47' title='bbox 1649 855 1849 922; x_wconf 73' lang='lat' dir='ltr'><em>videremur.</em></span> 
     </span>
    </p>
   </div>
   <div class='ocr_carea' id='block_1_3' title="bbox 197 948 1874 1058">
    <p class='ocr_par' dir='ltr' id='par_1_4' title="bbox 197 948 1874 1058">
     <span class='ocr_line' id='line_1_6' title="bbox 197 948 1874 1058; baseline -0.011 -23"><span class='ocrx_word' id='word_1_48' title='bbox 197 966 292 1037; x_wconf 78' lang='lat' dir='ltr'><em>tono</em></span> <span class='ocrx_word' id='word_1_49' title='bbox 309 968 347 1034; x_wconf 86' lang='lat' dir='ltr'><em>de</em></span> <span class='ocrx_word' id='word_1_50' title='bbox 355 962 483 1058; x_wconf 84' lang='lat' dir='ltr'><em>senine</em></span> <span class='ocrx_word' id='word_1_51' title='bbox 500 974 557 1032; x_wconf 89' lang='lat' dir='ltr'><em>tuo</em></span> <span class='ocrx_word' id='word_1_52' title='bbox 571 952 875 1054; x_wconf 78' lang='lat' dir='ltr'><em>perfamiliierscar</em></span> <span class='ocrx_word' id='word_1_53' title='bbox 894 956 953 1050; x_wconf 79' lang='lat' dir='ltr'><em>qui</em></span> <span class='ocrx_word' id='word_1_54' title='bbox 972 951 1122 1049; x_wconf 80' lang='lat' dir='ltr'><em>suitur,</em></span> <span class='ocrx_word' id='word_1_55' title='bbox 1146 952 1205 1044; x_wconf 84' lang='lat' dir='ltr'><em>qai</em></span> <span class='ocrx_word' id='word_1_56' title='bbox 1228 953 1431 1048; x_wconf 77' lang='lat' dir='ltr'><em>arrogantia.</em></span> <span class='ocrx_word' id='word_1_57' title='bbox 1443 954 1619 1045; x_wconf 71' lang='lat' dir='ltr'><em>sapientiae</em></span> <span class='ocrx_word' id='word_1_58' title='bbox 1627 948 1850 1046; x_wconf 75' lang='lat' dir='ltr'><em>scc&#39;sasitiae.</em></span> <span class='ocrx_word' id='word_1_59' title='bbox 1868 975 1874 980; x_wconf 95' lang='lat'><em>·</em></span> 
     </span>
    </p>
   </div>
   <div class='ocr_carea' id='block_1_4' title="bbox 176 1046 1848 1748">
    <p class='ocr_par' dir='ltr' id='par_1_5' title="bbox 176 1046 1848 1748">
     <span class='ocr_line' id='line_1_7' title="bbox 176 1046 1845 1156; baseline -0.008 -24"><span class='ocrx_word' id='word_1_60' title='bbox 176 1068 237 1134; x_wconf 86' lang='lat' dir='ltr'><em>erit</em></span> <span class='ocrx_word' id='word_1_61' title='bbox 253 1066 427 1151; x_wconf 86' lang='lat' dir='ltr'><em>maculam,</em></span> <span class='ocrx_word' id='word_1_62' title='bbox 453 1084 524 1131; x_wconf 88' lang='lat' dir='ltr'><em>non</em></span> <span class='ocrx_word' id='word_1_63' title='bbox 545 1058 662 1156; x_wconf 72' lang='lat' dir='ltr'><em>offirct</em></span> <span class='ocrx_word' id='word_1_64' title='bbox 672 1076 776 1148; x_wconf 89' lang='lat' dir='ltr'><em>panes</em></span> <span class='ocrx_word' id='word_1_65' title='bbox 795 1056 869 1126; x_wconf 86' lang='lat' dir='ltr'><em>Deo</em></span> <span class='ocrx_word' id='word_1_66' title='bbox 869 1054 951 1141; x_wconf 88' lang='lat' dir='ltr'><em>suo,</em></span> <span class='ocrx_word' id='word_1_67' title='bbox 985 1059 1173 1122; x_wconf 71' lang='lat' dir='ltr'><em>secarctur.</em></span> <span class='ocrx_word' id='word_1_68' title='bbox 1220 1052 1345 1149; x_wconf 71' lang='lat' dir='ltr'><em>Jngem</em></span> <span class='ocrx_word' id='word_1_69' title='bbox 1355 1046 1497 1144; x_wconf 73' lang='lat' dir='ltr'><em>fiaiiern</em></span> <span class='ocrx_word' id='word_1_70' title='bbox 1520 1052 1635 1138; x_wconf 77' lang='lat' dir='ltr'><em>habet,</em></span> <span class='ocrx_word' id='word_1_71' title='bbox 1659 1050 1845 1119; x_wconf 80' lang='lat' dir='ltr'><em>cai&#39;carair</em></span> 
     </span>
     <span class='ocr_line' id='line_1_8' title="bbox 176 1142 1844 1255; baseline -0.01 -24"><span class='ocrx_word' id='word_1_72' title='bbox 176 1211 186 1231; x_wconf 88' lang='lat'><strong>.</strong></span> <span class='ocrx_word' id='word_1_73' title='bbox 212 1186 271 1235; x_wconf 81' lang='lat' dir='ltr'><em>aec</em></span> <span class='ocrx_word' id='word_1_74' title='bbox 286 1166 414 1232; x_wconf 86' lang='lat' dir='ltr'><em>accedet</em></span> <span class='ocrx_word' id='word_1_75' title='bbox 431 1165 601 1255; x_wconf 81' lang='lat' dir='ltr'><em>quisquam</em></span> <span class='ocrx_word' id='word_1_76' title='bbox 619 1158 696 1223; x_wconf 88' lang='lat' dir='ltr'><em>tatis</em></span> <span class='ocrx_word' id='word_1_77' title='bbox 715 1156 758 1227; x_wconf 81' lang='lat' dir='ltr'><em>ari¹</em></span> <span class='ocrx_word' id='word_1_78' title='bbox 777 1154 946 1247; x_wconf 85' lang='lat' dir='ltr'><em>ministeri-</em></span> <span class='ocrx_word' id='word_1_79' title='bbox 983 1143 1252 1243; x_wconf 74' lang='lat' dir='ltr'><em>petalanticsac</em></span> <span class='ocrx_word' id='word_1_80' title='bbox 1265 1142 1433 1244; x_wconf 83' lang='lat' dir='ltr'><em>cesarionc</em></span> <span class='ocrx_word' id='word_1_81' title='bbox 1462 1155 1660 1221; x_wconf 85' lang='lat' dir='ltr'><em>dominatur.</em></span> <span class='ocrx_word' id='word_1_82' title='bbox 1711 1149 1844 1241; x_wconf 84' lang='lat' dir='ltr'><em>Impeti-</em></span> 
     </span>
     <span class='ocr_line' id='line_1_9' title="bbox 176 1247 1844 1355; baseline -0.008 -25"><span class='ocrx_word' id='word_1_83' title='bbox 176 1264 243 1343; x_wconf 85' lang='lat' dir='ltr'><em>ius,</em></span> <span class='ocrx_word' id='word_1_84' title='bbox 266 1264 289 1351; x_wconf 82' lang='lat' dir='ltr'><em>si</em></span> <span class='ocrx_word' id='word_1_85' title='bbox 306 1260 543 1355; x_wconf 69' lang='lat' dir='ltr'><em>recusauit,</em></span> <span class='ocrx_word' id='word_1_86' title='bbox 562 1256 755 1355; x_wconf 73' lang='lat' dir='ltr'><em>selandos,</em></span> <span class='ocrx_word' id='word_1_87' title='bbox 773 1254 949 1349; x_wconf 82' lang='lat' dir='ltr'><em>snetpar-</em></span> <span class='ocrx_word' id='word_1_88' title='bbox 980 1251 1092 1345; x_wconf 77' lang='lat' dir='ltr'><em>gisem</em></span> <span class='ocrx_word' id='word_1_89' title='bbox 1110 1247 1203 1317; x_wconf 75' lang='lat' dir='ltr'><em>tabet</em></span> <span class='ocrx_word' id='word_1_90' title='bbox 1219 1247 1253 1318; x_wconf 84' lang='lat' dir='ltr'><em>in</em></span> <span class='ocrx_word' id='word_1_91' title='bbox 1269 1270 1424 1341; x_wconf 79' lang='lat' dir='ltr'><em>corpore,</em></span> <span class='ocrx_word' id='word_1_92' title='bbox 1450 1254 1597 1346; x_wconf 71' lang='lat' dir='ltr'><em>quisquis</em></span> <span class='ocrx_word' id='word_1_93' title='bbox 1617 1252 1762 1320; x_wconf 86' lang='lat' dir='ltr'><em>auaritia</em></span> <span class='ocrx_word' id='word_1_94' title='bbox 1787 1268 1844 1318; x_wconf 86' lang='lat' dir='ltr'><em>oa-</em></span> 
     </span>
     <span class='ocr_line' id='line_1_10' title="bbox 176 1349 1845 1455; baseline -0.004 -33"><span class='ocrx_word' id='word_1_95' title='bbox 176 1360 333 1455; x_wconf 70' lang='lat' dir='ltr'><em>riprandi</em></span> <span class='ocrx_word' id='word_1_96' title='bbox 351 1359 454 1451; x_wconf 81' lang='lat' dir='ltr'><em>naso,</em></span> <span class='ocrx_word' id='word_1_97' title='bbox 481 1380 512 1425; x_wconf 78' lang='lat' dir='ltr'><em>s.</em></span> <span class='ocrx_word' id='word_1_98' title='bbox 537 1381 591 1437; x_wconf 81' lang='lat'><em>¹9·</em></span> <span class='ocrx_word' id='word_1_99' title='bbox 617 1357 655 1422; x_wconf 88' lang='lat' dir='ltr'><em>Si</em></span> <span class='ocrx_word' id='word_1_100' title='bbox 668 1351 900 1446; x_wconf 66' lang='lat' dir='ltr'><em>sraBoprde,</em></span> <span class='ocrx_word' id='word_1_101' title='bbox 969 1349 1137 1443; x_wconf 77' lang='lat' dir='ltr'><em>stataria</em></span> <span class='ocrx_word' id='word_1_102' title='bbox 1160 1356 1280 1433; x_wconf 74' lang='grc' dir='ltr'><em>ιιιιιίι,</em></span> <span class='ocrx_word' id='word_1_103' title='bbox 1314 1349 1435 1447; x_wconf 76' lang='lat' dir='ltr'><em>quaes</em></span> <span class='ocrx_word' id='word_1_104' title='bbox 1455 1353 1490 1419; x_wconf 87' lang='lat' dir='ltr'><em>in</em></span> <span class='ocrx_word' id='word_1_105' title='bbox 1503 1351 1703 1443; x_wconf 86' lang='lat' dir='ltr'><em>parnirrsoa</em></span> <span class='ocrx_word' id='word_1_106' title='bbox 1721 1366 1845 1438; x_wconf 85' lang='lat' dir='ltr'><em>compe·</em></span> 
     </span>
     <span class='ocr_line' id='line_1_11' title="bbox 176 1446 1848 1556; baseline -0.007 -29"><span class='ocrx_word' id='word_1_107' title='bbox 176 1484 209 1543; x_wconf 85' lang='lat' dir='ltr'><em>s,</em></span> <span class='ocrx_word' id='word_1_108' title='bbox 235 1481 265 1525; x_wconf 91' lang='lat' dir='ltr'><em>v.</em></span> <span class='ocrx_word' id='word_1_109' title='bbox 282 1482 339 1532; x_wconf 74' lang='grc' dir='ltr'><em>ιο.</em></span> <span class='ocrx_word' id='word_1_110' title='bbox 365 1463 401 1533; x_wconf 83' lang='lat' dir='ltr'><em>Si</em></span> <span class='ocrx_word' id='word_1_111' title='bbox 415 1453 635 1556; x_wconf 75' lang='lat' dir='ltr'><em>gibbosus‚s</em></span> <span class='ocrx_word' id='word_1_112' title='bbox 658 1451 781 1537; x_wconf 66' lang='lat' dir='ltr'><em>unna,</em></span> <span class='ocrx_word' id='word_1_113' title='bbox 807 1449 896 1547; x_wconf 73' lang='lat' dir='ltr'><em>spe</em></span> <span class='ocrx_word' id='word_1_114' title='bbox 919 1453 943 1522; x_wconf 86' lang='lat' dir='ltr'><em>i·</em></span> <span class='ocrx_word' id='word_1_115' title='bbox 969 1448 1106 1543; x_wconf 88' lang='lat' dir='ltr'><em>scitur,</em></span> <span class='ocrx_word' id='word_1_116' title='bbox 1135 1447 1271 1517; x_wconf 73' lang='lat' dir='ltr'><em>nimium</em></span> <span class='ocrx_word' id='word_1_117' title='bbox 1285 1446 1359 1544; x_wconf 86' lang='lat' dir='ltr'><em>sne</em></span> <span class='ocrx_word' id='word_1_118' title='bbox 1374 1450 1708 1540; x_wconf 79' lang='lat' dir='ltr'><em>measuraditatatur.</em></span> <span class='ocrx_word' id='word_1_119' title='bbox 1757 1457 1848 1517; x_wconf 82' lang='lat' dir='ltr'><em>Paa-</em></span> 
     </span>
     <span class='ocr_line' id='line_1_12' title="bbox 176 1542 1845 1650; baseline -0.005 -27"><span class='ocrx_word' id='word_1_120' title='bbox 176 1556 325 1625; x_wconf 81' lang='lat' dir='ltr'><em>rlrabens</em></span> <span class='ocrx_word' id='word_1_121' title='bbox 348 1558 382 1624; x_wconf 87' lang='lat' dir='ltr'><em>irs</em></span> <span class='ocrx_word' id='word_1_122' title='bbox 398 1554 509 1639; x_wconf 89' lang='lat' dir='ltr'><em>oculo,</em></span> <span class='ocrx_word' id='word_1_123' title='bbox 524 1553 559 1650; x_wconf 81' lang='lat' dir='ltr'><em>s</em></span> <span class='ocrx_word' id='word_1_124' title='bbox 586 1548 734 1646; x_wconf 78' lang='lat' dir='ltr'><em>aristea-</em></span> <span class='ocrx_word' id='word_1_125' title='bbox 753 1551 805 1620; x_wconf 85' lang='lat' dir='ltr'><em>uei</em></span> <span class='ocrx_word' id='word_1_126' title='bbox 817 1550 946 1621; x_wconf 75' lang='lat' dir='ltr'><em>tumida</em></span> <span class='ocrx_word' id='word_1_127' title='bbox 983 1545 1117 1639; x_wconf 80' lang='lat' dir='ltr'><em>derasas</em></span> <span class='ocrx_word' id='word_1_128' title='bbox 1131 1542 1192 1637; x_wconf 89' lang='grc' dir='ltr'><em>ιβ,</em></span> <span class='ocrx_word' id='word_1_129' title='bbox 1219 1548 1276 1641; x_wconf 84' lang='lat' dir='ltr'><em>qai</em></span> <span class='ocrx_word' id='word_1_130' title='bbox 1291 1552 1369 1619; x_wconf 88' lang='lat' dir='ltr'><em>totis</em></span> <span class='ocrx_word' id='word_1_131' title='bbox 1381 1550 1632 1643; x_wconf 79' lang='lat' dir='ltr'><em>cogitationibus</em></span> <span class='ocrx_word' id='word_1_132' title='bbox 1651 1550 1696 1615; x_wconf 88' lang='lat' dir='ltr'><em>ad</em></span> <span class='ocrx_word' id='word_1_133' title='bbox 1712 1543 1845 1638; x_wconf 83' lang='lat' dir='ltr'><em>&#39;lascini-</em></span> 
     </span>
     <span class='ocr_line' id='line_1_13' title="bbox 176 1645 1845 1748; baseline -0.007 -26"><span class='ocrx_word' id='word_1_134' title='bbox 176 1657 390 1748; x_wconf 83' lang='lat' dir='ltr'><em>rplerumqor</em></span> <span class='ocrx_word' id='word_1_135' title='bbox 403 1652 592 1748; x_wconf 75' lang='lat' dir='ltr'><em>infestetur,</em></span> <span class='ocrx_word' id='word_1_136' title='bbox 618 1647 856 1743; x_wconf 78' lang='lat' dir='ltr'><em>orttcraiosns.</em></span> <span class='ocrx_word' id='word_1_137' title='bbox 882 1648 948 1718; x_wconf 84' lang='lat' dir='ltr'><em>Sed</em></span> <span class='ocrx_word' id='word_1_138' title='bbox 982 1670 1033 1717; x_wconf 92' lang='lat' dir='ltr'><em>am</em></span> <span class='ocrx_word' id='word_1_139' title='bbox 1050 1646 1196 1740; x_wconf 61' lang='lat' dir='ltr'><em>dejiciens</em></span> <span class='ocrx_word' id='word_1_140' title='bbox 1205 1652 1336 1737; x_wconf 87' lang='lat' dir='ltr'><em>pondus</em></span> <span class='ocrx_word' id='word_1_141' title='bbox 1346 1652 1565 1738; x_wconf 68' lang='lat' dir='ltr'><em>turpitudinis</em></span> <span class='ocrx_word' id='word_1_142' title='bbox 1576 1645 1683 1747; x_wconf 81' lang='lat' dir='ltr'><em>gesat</em></span> <span class='ocrx_word' id='word_1_143' title='bbox 1694 1648 1845 1730; x_wconf 77' lang='lat' dir='ltr'><em>inserte,</em></span> 
     </span>
    </p>
   </div>
   <div class='ocr_carea' id='block_1_5' title="bbox 176 1744 1895 1917">
    <p class='ocr_par' dir='ltr' id='par_1_6' title="bbox 176 1744 1895 1917">
     <span class='ocr_line' id='line_1_14' title="bbox 176 1744 1895 1917; baseline -0.005 -96"><span class='ocrx_word' id='word_1_144' title='bbox 176 1771 288 1917; x_wconf 80' lang='lat' dir='ltr'><em>epnnn</em></span> <span class='ocrx_word' id='word_1_145' title='bbox 320 1754 387 1827; x_wconf 82' lang='lat' dir='ltr'><em>hoc</em></span> <span class='ocrx_word' id='word_1_146' title='bbox 412 1751 476 1821; x_wconf 81' lang='lat' dir='ltr'><em>fnit</em></span> <span class='ocrx_word' id='word_1_147' title='bbox 503 1747 728 1820; x_wconf 80' lang='lat' dir='ltr'><em>ceremoniale</em></span> <span class='ocrx_word' id='word_1_148' title='bbox 754 1746 819 1817; x_wconf 83' lang='lat' dir='ltr'><em>live</em></span> <span class='ocrx_word' id='word_1_149' title='bbox 841 1748 951 1817; x_wconf 85' lang='lat' dir='ltr'><em>laviti-</em></span> <span class='ocrx_word' id='word_1_150' title='bbox 985 1744 1032 1818; x_wconf 69' lang='grc' dir='ltr'><em>δ’</em></span> <span class='ocrx_word' id='word_1_151' title='bbox 1047 1746 1196 1840; x_wconf 81' lang='lat' dir='ltr'><em>quamuis</em></span> <span class='ocrx_word' id='word_1_152' title='bbox 1209 1766 1318 1834; x_wconf 84' lang='lat' dir='ltr'><em>prava</em></span> <span class='ocrx_word' id='word_1_153' title='bbox 1344 1770 1411 1818; x_wconf 88' lang='lat' dir='ltr'><em>noa</em></span> <span class='ocrx_word' id='word_1_154' title='bbox 1435 1766 1582 1818; x_wconf 74' lang='lat' dir='ltr'><em>exercear</em></span> <span class='ocrx_word' id='word_1_155' title='bbox 1597 1769 1722 1838; x_wconf 86' lang='lat' dir='ltr'><em>opere,</em></span> <span class='ocrx_word' id='word_1_156' title='bbox 1744 1745 1847 1814; x_wconf 75' lang='lat' dir='ltr'><em>aeto</em></span> <span class='ocrx_word' id='word_1_157' title='bbox 1892 1818 1895 1823; x_wconf 69' lang='grc'><em>,</em></span> 
     </span>
    </p>
   </div>
   <div class='ocr_carea' id='block_1_6' title="bbox 176 1841 1852 3616">
    <p class='ocr_par' dir='ltr' id='par_1_7' title="bbox 176 1841 1852 3616">
     <span class='ocr_line' id='line_1_15' title="bbox 209 1841 1846 1927; baseline -0.004 -9"><span class='ocrx_word' id='word_1_158' title='bbox 209 1874 358 1920; x_wconf 79' lang='lat' dir='ltr'><em>nrnmnm</em></span> <span class='ocrx_word' id='word_1_159' title='bbox 384 1852 474 1919; x_wconf 88' lang='lat' dir='ltr'><em>unici</em></span> <span class='ocrx_word' id='word_1_160' title='bbox 508 1844 687 1917; x_wconf 83' lang='lat' dir='ltr'><em>sacerdotis</em></span> <span class='ocrx_word' id='word_1_161' title='bbox 716 1849 751 1913; x_wconf 89' lang='lat' dir='ltr'><em>in</em></span> <span class='ocrx_word' id='word_1_162' title='bbox 778 1868 857 1915; x_wconf 90' lang='lat' dir='ltr'><em>nov.</em></span> <span class='ocrx_word' id='word_1_163' title='bbox 879 1843 950 1917; x_wconf 80' lang='lat' dir='ltr'><em>teil.</em></span> <span class='ocrx_word' id='word_1_164' title='bbox 986 1855 1174 1914; x_wconf 79' lang='lat' dir='ltr'><em>tamennon</em></span> <span class='ocrx_word' id='word_1_165' title='bbox 1192 1841 1477 1927; x_wconf 76' lang='lat' dir='ltr'><em>avelliturmentr,</em></span> <span class='ocrx_word' id='word_1_166' title='bbox 1525 1847 1607 1916; x_wconf 81' lang='lat' dir='ltr'><em>Haec</em></span> <span class='ocrx_word' id='word_1_167' title='bbox 1626 1847 1740 1913; x_wconf 77' lang='lat' dir='ltr'><em>nennio</em></span> <span class='ocrx_word' id='word_1_168' title='bbox 1759 1844 1846 1912; x_wconf 83' lang='lat' dir='ltr'><em>Gre-</em></span> 
     </span>
     <span class='ocr_line' id='line_1_16' title="bbox 176 1938 1847 2044; baseline -0.005 -28"><span class='ocrx_word' id='word_1_169' title='bbox 176 1947 212 2017; x_wconf 88' lang='lat' dir='ltr'><em>sli</em></span> <span class='ocrx_word' id='word_1_170' title='bbox 226 1943 298 2030; x_wconf 85' lang='lat' dir='ltr'><em>Jesn</em></span> <span class='ocrx_word' id='word_1_171' title='bbox 317 1944 583 2044; x_wconf 65' lang='lat' dir='ltr'><em>perfectionem,</em></span> <span class='ocrx_word' id='word_1_172' title='bbox 608 1950 643 2016; x_wconf 78' lang='grc' dir='ltr'>ἀ</span> <span class='ocrx_word' id='word_1_173' title='bbox 660 1943 700 2010; x_wconf 84' lang='lat' dir='ltr'><em>ab</em></span> <span class='ocrx_word' id='word_1_174' title='bbox 722 1947 817 2012; x_wconf 84' lang='lat' dir='ltr'><em>anmi</em></span> <span class='ocrx_word' id='word_1_175' title='bbox 839 1964 952 2037; x_wconf 80' lang='lat' dir='ltr'><em>pecca·</em></span> <span class='ocrx_word' id='word_1_176' title='bbox 986 1945 1121 2040; x_wconf 82' lang='lat' dir='ltr'><em>garine,</em></span> <span class='ocrx_word' id='word_1_177' title='bbox 1147 1945 1203 2035; x_wconf 89' lang='lat' dir='ltr'><em>qni</em></span> <span class='ocrx_word' id='word_1_178' title='bbox 1219 1938 1426 2039; x_wconf 76' lang='lat' dir='ltr'><em>singolorum¹</em></span> <span class='ocrx_word' id='word_1_179' title='bbox 1450 1944 1682 2014; x_wconf 78' lang='lat' dir='ltr'><em>sneenbroenen</em></span> <span class='ocrx_word' id='word_1_180' title='bbox 1703 1941 1847 2033; x_wconf 65' lang='lat' dir='ltr'><em>explica-</em></span> 
     </span>
     <span class='ocr_line' id='line_1_17' title="bbox 178 2032 1852 2137; baseline -0.002 -26"><span class='ocrx_word' id='word_1_181' title='bbox 178 2047 461 2115; x_wconf 82' lang='lat' dir='ltr'><em>eisnmnnitatem</em></span> <span class='ocrx_word' id='word_1_182' title='bbox 485 2040 662 2121; x_wconf 77' lang='lat' dir='ltr'><em>denotans,</em></span> <span class='ocrx_word' id='word_1_183' title='bbox 696 2040 801 2110; x_wconf 82' lang='lat' dir='ltr'><em>Hebe.</em></span> <span class='ocrx_word' id='word_1_184' title='bbox 822 2042 895 2115; x_wconf 85' lang='lat' dir='ltr'><em>Vll.</em></span> <span class='ocrx_word' id='word_1_185' title='bbox 922 2066 950 2110; x_wconf 91' lang='grc' dir='ltr'><em>ι.</em></span> <span class='ocrx_word' id='word_1_186' title='bbox 986 2048 1114 2111; x_wconf 86' lang='lat' dir='ltr'><em>tionem</em></span> <span class='ocrx_word' id='word_1_187' title='bbox 1132 2063 1172 2109; x_wconf 88' lang='lat' dir='ltr'><em>cx</em></span> <span class='ocrx_word' id='word_1_188' title='bbox 1195 2032 1363 2137; x_wconf 75' lang='lat' dir='ltr'><em>scriptasit</em></span> <span class='ocrx_word' id='word_1_189' title='bbox 1386 2043 1512 2113; x_wconf 80' lang='lat' dir='ltr'><em>ibidem</em></span> <span class='ocrx_word' id='word_1_190' title='bbox 1533 2042 1675 2136; x_wconf 83' lang='lat' dir='ltr'><em>probare</em></span> <span class='ocrx_word' id='word_1_191' title='bbox 1696 2060 1852 2111; x_wconf 83' lang='lat' dir='ltr'><em>conatur.-</em></span> 
     </span>
     <span class='ocr_line' id='line_1_18' title="bbox 178 2130 1847 2236; baseline -0.001 -27"><span class='ocrx_word' id='word_1_192' title='bbox 178 2146 212 2209; x_wconf 89' lang='lat' dir='ltr'><em>in</em></span> <span class='ocrx_word' id='word_1_193' title='bbox 229 2166 308 2210; x_wconf 83' lang='lat' dir='ltr'><em>nov.</em></span> <span class='ocrx_word' id='word_1_194' title='bbox 323 2140 392 2211; x_wconf 84' lang='lat' dir='ltr'><em>tell.</em></span> <span class='ocrx_word' id='word_1_195' title='bbox 414 2141 473 2211; x_wconf 84' lang='lat' dir='ltr'><em>isle</em></span> <span class='ocrx_word' id='word_1_196' title='bbox 496 2147 590 2236; x_wconf 76' lang='lat' dir='ltr'><em>rigor</em></span> <span class='ocrx_word' id='word_1_197' title='bbox 605 2133 749 2209; x_wconf 76' lang='lat' dir='ltr'><em>eeffane.</em></span> <span class='ocrx_word' id='word_1_198' title='bbox 775 2136 945 2208; x_wconf 89' lang='lat' dir='ltr'><em>Theodo-</em></span> <span class='ocrx_word' id='word_1_199' title='bbox 985 2140 1146 2234; x_wconf 79' lang='lat' dir='ltr'><em>Qamvis</em></span> <span class='ocrx_word' id='word_1_200' title='bbox 1158 2161 1240 2208; x_wconf 85' lang='lat' dir='ltr'><em>vero</em></span> <span class='ocrx_word' id='word_1_201' title='bbox 1254 2137 1389 2211; x_wconf 79' lang='lat' dir='ltr'><em>ecclesia</em></span> <span class='ocrx_word' id='word_1_202' title='bbox 1402 2166 1481 2212; x_wconf 85' lang='lat' dir='ltr'><em>nov.</em></span> <span class='ocrx_word' id='word_1_203' title='bbox 1496 2140 1565 2211; x_wconf 82' lang='lat' dir='ltr'><em>tesi.</em></span> <span class='ocrx_word' id='word_1_204' title='bbox 1577 2164 1646 2211; x_wconf 90' lang='lat' dir='ltr'><em>non</em></span> <span class='ocrx_word' id='word_1_205' title='bbox 1663 2134 1699 2208; x_wconf 79' lang='lat' dir='ltr'><em>tit</em></span> <span class='ocrx_word' id='word_1_206' title='bbox 1712 2130 1847 2233; x_wconf 80' lang='lat' dir='ltr'><em>praecise</em></span> 
     </span>
     <span class='ocr_line' id='line_1_19' title="bbox 190 2232 1845 2333; baseline -0.002 -25"><span class='ocrx_word' id='word_1_207' title='bbox 190 2263 223 2333; x_wconf 81' lang='lat' dir='ltr'><em>q.</em></span> <span class='ocrx_word' id='word_1_208' title='bbox 246 2263 300 2315; x_wconf 84' lang='lat'><em>30.</em></span> <span class='ocrx_word' id='word_1_209' title='bbox 318 2242 351 2307; x_wconf 88' lang='lat' dir='ltr'><em>in</em></span> <span class='ocrx_word' id='word_1_210' title='bbox 372 2237 478 2331; x_wconf 72' lang='lat' dir='ltr'><em>Lenis.</em></span> <span class='ocrx_word' id='word_1_211' title='bbox 492 2252 555 2316; x_wconf 84' lang='lat' dir='ltr'><em>Per</em></span> <span class='ocrx_word' id='word_1_212' title='bbox 569 2238 771 2333; x_wconf 68' lang='lat' dir='ltr'><em>adscflionrs</em></span> <span class='ocrx_word' id='word_1_213' title='bbox 787 2233 858 2308; x_wconf 85' lang='lat' dir='ltr'><em>illas</em></span> <span class='ocrx_word' id='word_1_214' title='bbox 881 2259 948 2307; x_wconf 80' lang='lat' dir='ltr'><em>eoa</em></span> <span class='ocrx_word' id='word_1_215' title='bbox 987 2242 1027 2304; x_wconf 86' lang='lat' dir='ltr'><em>nd</em></span> <span class='ocrx_word' id='word_1_216' title='bbox 1053 2236 1164 2333; x_wconf 78' lang='lat' dir='ltr'><em>legens</em></span> <span class='ocrx_word' id='word_1_217' title='bbox 1184 2235 1276 2307; x_wconf 83' lang='lat' dir='ltr'><em>illam</em></span> <span class='ocrx_word' id='word_1_218' title='bbox 1297 2234 1465 2310; x_wconf 84' lang='lat' dir='ltr'><em>leviticam</em></span> <span class='ocrx_word' id='word_1_219' title='bbox 1484 2237 1642 2333; x_wconf 83' lang='lat' dir='ltr'><em>adligata,</em></span> <span class='ocrx_word' id='word_1_220' title='bbox 1670 2254 1780 2307; x_wconf 86' lang='lat' dir='ltr'><em>taenea</em></span> <span class='ocrx_word' id='word_1_221' title='bbox 1793 2232 1845 2308; x_wconf 87' lang='lat' dir='ltr'><em>iv·</em></span> 
     </span>
     <span class='ocr_line' id='line_1_20' title="bbox 176 2326 1844 2433; baseline -0.001 -30"><span class='ocrx_word' id='word_1_222' title='bbox 176 2351 199 2403; x_wconf 82' lang='lat' dir='ltr'><em>.¹e</em></span> <span class='ocrx_word' id='word_1_223' title='bbox 199 2337 373 2432; x_wconf 86' lang='lat' dir='ltr'><em>susceptas</em></span> <span class='ocrx_word' id='word_1_224' title='bbox 382 2338 554 2431; x_wconf 73' lang='lat' dir='ltr'><em>prohiberi</em></span> <span class='ocrx_word' id='word_1_225' title='bbox 567 2344 640 2427; x_wconf 73' lang='lat' dir='ltr'><em>agit</em></span> <span class='ocrx_word' id='word_1_226' title='bbox 654 2337 861 2407; x_wconf 85' lang='lat' dir='ltr'><em>uoluntarias</em></span> <span class='ocrx_word' id='word_1_227' title='bbox 871 2357 948 2428; x_wconf 85' lang='lat' dir='ltr'><em>par·</em></span> <span class='ocrx_word' id='word_1_228' title='bbox 986 2326 1205 2423; x_wconf 64' lang='lat' dir='ltr'><em>axnpeooo&#39;rnc</em></span> <span class='ocrx_word' id='word_1_229' title='bbox 1221 2359 1258 2407; x_wconf 83' lang='lat' dir='ltr'><em>ar</em></span> <span class='ocrx_word' id='word_1_230' title='bbox 1282 2359 1325 2421; x_wconf 88' lang='lat'><em>0,</em></span> <span class='ocrx_word' id='word_1_231' title='bbox 1350 2328 1509 2433; x_wconf 73' lang='lat' dir='ltr'><em>qnantum</em></span> <span class='ocrx_word' id='word_1_232' title='bbox 1524 2335 1596 2405; x_wconf 79' lang='lat' dir='ltr'><em>fieri</em></span> <span class='ocrx_word' id='word_1_233' title='bbox 1616 2333 1741 2429; x_wconf 77' lang='lat' dir='ltr'><em>potest,</em></span> <span class='ocrx_word' id='word_1_234' title='bbox 1763 2332 1844 2403; x_wconf 81' lang='lat' dir='ltr'><em>talea</em></span> 
     </span>
     <span class='ocr_line' id='line_1_21' title="bbox 176 2360 1847 2530; baseline -0.002 -26"><span class='ocrx_word' id='word_1_235' title='bbox 176 2460 199 2505; x_wconf 90' lang='lat' dir='ltr'><em>s.</em></span> <span class='ocrx_word' id='word_1_236' title='bbox 250 2437 439 2530; x_wconf 68' lang='lat' dir='ltr'><em>Gregorius</em></span> <span class='ocrx_word' id='word_1_237' title='bbox 455 2441 555 2505; x_wconf 82' lang='lat' dir='ltr'><em>etium</em></span> <span class='ocrx_word' id='word_1_238' title='bbox 579 2435 636 2505; x_wconf 83' lang='lat' dir='ltr'><em>lib.</em></span> <span class='ocrx_word' id='word_1_239' title='bbox 655 2437 680 2506; x_wconf 91' lang='grc' dir='ltr'><em>Ι.</em></span> <span class='ocrx_word' id='word_1_240' title='bbox 701 2430 821 2526; x_wconf 80' lang='lat' dir='ltr'><em>pallor.</em></span> <span class='ocrx_word' id='word_1_241' title='bbox 839 2458 867 2502; x_wconf 87' lang='lat' dir='ltr'><em>c.</em></span> <span class='ocrx_word' id='word_1_242' title='bbox 894 2458 948 2504; x_wconf 84' lang='lat' dir='ltr'><em>re.</em></span> <span class='ocrx_word' id='word_1_243' title='bbox 987 2425 1224 2502; x_wconf 79' lang='lat' dir='ltr'><em>inioillri&#39;sunt</em></span> <span class='ocrx_word' id='word_1_244' title='bbox 1245 2360 1411 2530; x_wconf 61' lang='lat' dir='ltr'><em>eligendi,</em></span> <span class='ocrx_word' id='word_1_245' title='bbox 1441 2440 1500 2530; x_wconf 85' lang='lat' dir='ltr'><em>qni</em></span> <span class='ocrx_word' id='word_1_246' title='bbox 1523 2436 1567 2503; x_wconf 91' lang='lat' dir='ltr'><em>ob</em></span> <span class='ocrx_word' id='word_1_247' title='bbox 1592 2431 1764 2503; x_wconf 79' lang='lat' dir='ltr'><em>descdlnnn</em></span> <span class='ocrx_word' id='word_1_248' title='bbox 1785 2434 1847 2500; x_wconf 85' lang='lat' dir='ltr'><em>ali·</em></span> 
     </span>
     <span class='ocr_line' id='line_1_22' title="bbox 178 2528 1846 2626; baseline -0.001 -26"><span class='ocrx_word' id='word_1_249' title='bbox 178 2558 197 2600; x_wconf 84' lang='lat' dir='ltr'><em>c</em></span> <span class='ocrx_word' id='word_1_250' title='bbox 222 2538 339 2602; x_wconf 75' lang='lat' dir='ltr'><em>onsnia</em></span> <span class='ocrx_word' id='word_1_251' title='bbox 355 2530 536 2626; x_wconf 81' lang='lat' dir='ltr'><em>allegoriae</em></span> <span class='ocrx_word' id='word_1_252' title='bbox 557 2530 598 2599; x_wconf 85' lang='lat' dir='ltr'><em>nd</em></span> <span class='ocrx_word' id='word_1_253' title='bbox 616 2534 759 2600; x_wconf 80' lang='lat' dir='ltr'><em>anirnnsn</em></span> <span class='ocrx_word' id='word_1_254' title='bbox 777 2528 946 2601; x_wconf 81' lang='lat' dir='ltr'><em>transfert.</em></span> <span class='ocrx_word' id='word_1_255' title='bbox 984 2550 1085 2622; x_wconf 80' lang='lat' dir='ltr'><em>queen</em></span> <span class='ocrx_word' id='word_1_256' title='bbox 1109 2535 1262 2622; x_wconf 82' lang='lat' dir='ltr'><em>corporis</em></span> <span class='ocrx_word' id='word_1_257' title='bbox 1278 2554 1348 2601; x_wconf 91' lang='lat' dir='ltr'><em>non</em></span> <span class='ocrx_word' id='word_1_258' title='bbox 1368 2529 1430 2601; x_wconf 77' lang='lat' dir='ltr'><em>siut</em></span> <span class='ocrx_word' id='word_1_259' title='bbox 1451 2530 1523 2601; x_wconf 77' lang='lat' dir='ltr'><em>aliie</em></span> <span class='ocrx_word' id='word_1_260' title='bbox 1536 2536 1740 2614; x_wconf 82' lang='lat' dir='ltr'><em>contemtui,</em></span> <span class='ocrx_word' id='word_1_261' title='bbox 1763 2535 1846 2625; x_wconf 86' lang='lat' dir='ltr'><em>quin</em></span> 
     </span>
     <span class='ocr_line' id='line_1_23' title="bbox 176 2624 1848 2725; baseline 0.003 -31"><span class='ocrx_word' id='word_1_262' title='bbox 176 2653 196 2701; x_wconf 83' lang='lat' dir='ltr'><em>n</em></span> <span class='ocrx_word' id='word_1_263' title='bbox 212 2629 276 2716; x_wconf 83' lang='lat' dir='ltr'><em>es,</em></span> <span class='ocrx_word' id='word_1_264' title='bbox 301 2632 455 2724; x_wconf 78' lang='lat' dir='ltr'><em>(inquit)</em></span> <span class='ocrx_word' id='word_1_265' title='bbox 478 2630 538 2723; x_wconf 82' lang='lat' dir='ltr'><em>qui</em></span> <span class='ocrx_word' id='word_1_266' title='bbox 550 2628 720 2723; x_wconf 78' lang='lat' dir='ltr'><em>supernae</em></span> <span class='ocrx_word' id='word_1_267' title='bbox 747 2629 845 2696; x_wconf 85' lang='lat' dir='ltr'><em>lacem</em></span> <span class='ocrx_word' id='word_1_268' title='bbox 870 2650 946 2696; x_wconf 87' lang='lat' dir='ltr'><em>coa·</em></span> <span class='ocrx_word' id='word_1_269' title='bbox 984 2628 1084 2695; x_wconf 81' lang='lat' dir='ltr'><em>etiarn</em></span> <span class='ocrx_word' id='word_1_270' title='bbox 1118 2646 1256 2723; x_wconf 73' lang='lat' dir='ltr'><em>propter</em></span> <span class='ocrx_word' id='word_1_271' title='bbox 1286 2624 1434 2699; x_wconf 75' lang='lat' dir='ltr'><em>dcfetlne</em></span> <span class='ocrx_word' id='word_1_272' title='bbox 1460 2628 1623 2725; x_wconf 80' lang='lat' dir='ltr'><em>quosdam</em></span> <span class='ocrx_word' id='word_1_273' title='bbox 1650 2627 1848 2723; x_wconf 72' lang='lat' dir='ltr'><em>insigniores</em></span> 
     </span>
     <span class='ocr_line' id='line_1_24' title="bbox 176 2723 1846 2823; baseline 0.001 -29"><span class='ocrx_word' id='word_1_274' title='bbox 176 2730 307 2797; x_wconf 86' lang='lat' dir='ltr'><em>lationis</em></span> <span class='ocrx_word' id='word_1_275' title='bbox 321 2732 478 2823; x_wconf 84' lang='lat' dir='ltr'><em>ignorat,</em></span> <span class='ocrx_word' id='word_1_276' title='bbox 501 2728 560 2822; x_wconf 84' lang='lat' dir='ltr'><em>qui</em></span> <span class='ocrx_word' id='word_1_277' title='bbox 573 2725 753 2818; x_wconf 80' lang='lat' dir='ltr'><em>praesentit</em></span> <span class='ocrx_word' id='word_1_278' title='bbox 766 2728 853 2795; x_wconf 83' lang='lat' dir='ltr'><em>tritae</em></span> <span class='ocrx_word' id='word_1_279' title='bbox 865 2738 948 2795; x_wconf 87' lang='lat' dir='ltr'><em>trae·</em></span> <span class='ocrx_word' id='word_1_280' title='bbox 983 2723 1121 2818; x_wconf 83' lang='lat' dir='ltr'><em>qnidam</em></span> <span class='ocrx_word' id='word_1_281' title='bbox 1135 2732 1279 2797; x_wconf 84' lang='lat' dir='ltr'><em>omnino</em></span> <span class='ocrx_word' id='word_1_282' title='bbox 1293 2749 1311 2819; x_wconf 79' lang='lat' dir='ltr'><em>a</em></span> <span class='ocrx_word' id='word_1_283' title='bbox 1325 2723 1510 2797; x_wconf 73' lang='lat' dir='ltr'><em>nihiillcrio</em></span> <span class='ocrx_word' id='word_1_284' title='bbox 1531 2727 1765 2803; x_wconf 80' lang='lat' dir='ltr'><em>exelerdnntur.</em></span> <span class='ocrx_word' id='word_1_285' title='bbox 1807 2729 1846 2795; x_wconf 92' lang='lat' dir='ltr'><em>ln</em></span> 
     </span>
     <span class='ocr_line' id='line_1_25' title="bbox 176 2819 1847 2920; baseline 0 -25"><span class='ocrx_word' id='word_1_286' title='bbox 176 2819 312 2920; x_wconf 72' lang='lat' dir='ltr'><em>narsus,</em></span> <span class='ocrx_word' id='word_1_287' title='bbox 342 2831 418 2894; x_wconf 87' lang='lat' dir='ltr'><em>dum</em></span> <span class='ocrx_word' id='word_1_288' title='bbox 440 2828 538 2895; x_wconf 85' lang='lat' dir='ltr'><em>iucem</em></span> <span class='ocrx_word' id='word_1_289' title='bbox 558 2837 725 2895; x_wconf 86' lang='lat' dir='ltr'><em>nentarara</em></span> <span class='ocrx_word' id='word_1_290' title='bbox 744 2846 950 2917; x_wconf 80' lang='lat' dir='ltr'><em>nequaquan</em></span> <span class='ocrx_word' id='word_1_291' title='bbox 983 2825 1054 2911; x_wconf 80' lang='lat' dir='ltr'><em>jure</em></span> <span class='ocrx_word' id='word_1_292' title='bbox 1070 2828 1234 2895; x_wconf 84' lang='lat' dir='ltr'><em>canonico</em></span> <span class='ocrx_word' id='word_1_293' title='bbox 1250 2825 1292 2893; x_wconf 85' lang='lat' dir='ltr'><em>de</em></span> <span class='ocrx_word' id='word_1_294' title='bbox 1306 2823 1371 2893; x_wconf 85' lang='lat' dir='ltr'><em>hac</em></span> <span class='ocrx_word' id='word_1_295' title='bbox 1387 2822 1567 2919; x_wconf 83' lang='lat' dir='ltr'><em>qnccslione</em></span> <span class='ocrx_word' id='word_1_296' title='bbox 1580 2819 1847 2916; x_wconf 82' lang='lat' dir='ltr'><em>exllaatseqnen·</em></span> 
     </span>
     <span class='ocr_line' id='line_1_26' title="bbox 176 2918 1847 3017; baseline 0 -24"><span class='ocrx_word' id='word_1_297' title='bbox 176 2931 257 2994; x_wconf 87' lang='lat' dir='ltr'><em>endo</em></span> <span class='ocrx_word' id='word_1_298' title='bbox 277 2924 448 3017; x_wconf 73' lang='lat' dir='ltr'><em>conspicit,</em></span> <span class='ocrx_word' id='word_1_299' title='bbox 478 2947 543 3017; x_wconf 83' lang='lat' dir='ltr'><em>quo</em></span> <span class='ocrx_word' id='word_1_300' title='bbox 565 2918 693 3016; x_wconf 79' lang='lat' dir='ltr'><em>gressus</em></span> <span class='ocrx_word' id='word_1_301' title='bbox 707 2925 815 3012; x_wconf 86' lang='lat' dir='ltr'><em>operis</em></span> <span class='ocrx_word' id='word_1_302' title='bbox 834 2925 947 3011; x_wconf 88' lang='lat' dir='ltr'><em>parri·</em></span> <span class='ocrx_word' id='word_1_303' title='bbox 983 2939 1031 2987; x_wconf 83' lang='lat' dir='ltr'><em>tes</em></span> <span class='ocrx_word' id='word_1_304' title='bbox 1048 2943 1202 2993; x_wconf 78' lang='lat' dir='ltr'><em>canones.</em></span> <span class='ocrx_word' id='word_1_305' title='bbox 1223 2924 1525 3009; x_wconf 83' lang='lat' dir='ltr'><em>c.Connnnniter;</em></span> <span class='ocrx_word' id='word_1_306' title='bbox 1552 2922 1625 2995; x_wconf 80' lang='lat' dir='ltr'><em>disi.</em></span> <span class='ocrx_word' id='word_1_307' title='bbox 1645 2950 1702 3002; x_wconf 80' lang='lat'><em>33·</em></span> <span class='ocrx_word' id='word_1_308' title='bbox 1754 2928 1847 3001; x_wconf 44' lang='lat' dir='ltr'><em>eone</em></span> 
     </span>
     <span class='ocr_line' id='line_1_27' title="bbox 189 3018 1843 3118; baseline 0 -27"><span class='ocrx_word' id='word_1_309' title='bbox 189 3022 302 3113; x_wconf 78' lang='lat' dir='ltr'><em>nescit,</em></span> <span class='ocrx_word' id='word_1_310' title='bbox 345 3018 620 3113; x_wconf 66' lang='lat' dir='ltr'><em>cicatricesque</em></span> <span class='ocrx_word' id='word_1_311' title='bbox 633 3026 756 3114; x_wconf 82' lang='lat' dir='ltr'><em>quidem</em></span> <span class='ocrx_word' id='word_1_312' title='bbox 768 3024 942 3112; x_wconf 86' lang='lat' dir='ltr'><em>qaodpcr·</em></span> <span class='ocrx_word' id='word_1_313' title='bbox 982 3022 1123 3086; x_wconf 85' lang='lat' dir='ltr'><em>maniter</em></span> <span class='ocrx_word' id='word_1_314' title='bbox 1139 3022 1322 3112; x_wconf 77' lang='lat' dir='ltr'><em>definimus,</em></span> <span class='ocrx_word' id='word_1_315' title='bbox 1347 3032 1385 3091; x_wconf 85' lang='lat' dir='ltr'><em>ut</em></span> <span class='ocrx_word' id='word_1_316' title='bbox 1398 3018 1507 3093; x_wconf 82' lang='lat' dir='ltr'><em>nullus</em></span> <span class='ocrx_word' id='word_1_317' title='bbox 1522 3027 1562 3091; x_wconf 88' lang='lat' dir='ltr'><em>dc</em></span> <span class='ocrx_word' id='word_1_318' title='bbox 1577 3023 1637 3104; x_wconf 89' lang='lat' dir='ltr'><em>iis,</em></span> <span class='ocrx_word' id='word_1_319' title='bbox 1665 3026 1722 3118; x_wconf 85' lang='lat' dir='ltr'><em>qni</em></span> <span class='ocrx_word' id='word_1_320' title='bbox 1739 3027 1843 3092; x_wconf 80' lang='lat' dir='ltr'><em>antia</em></span> 
     </span>
     <span class='ocr_line' id='line_1_28' title="bbox 176 3119 1847 3215; baseline 0.003 -30"><span class='ocrx_word' id='word_1_321' title='bbox 176 3146 186 3185; x_wconf 87' lang='lat' dir='ltr'><em>e</em></span> <span class='ocrx_word' id='word_1_322' title='bbox 211 3124 342 3201; x_wconf 83' lang='lat' dir='ltr'><em>debeat,</em></span> <span class='ocrx_word' id='word_1_323' title='bbox 375 3119 530 3213; x_wconf 81' lang='lat' dir='ltr'><em>adspicit,</em></span> <span class='ocrx_word' id='word_1_324' title='bbox 550 3121 617 3212; x_wconf 80' lang='lat' dir='ltr'><em>sed</em></span> <span class='ocrx_word' id='word_1_325' title='bbox 646 3141 705 3210; x_wconf 89' lang='lat' dir='ltr'><em>per</em></span> <span class='ocrx_word' id='word_1_326' title='bbox 728 3122 945 3208; x_wconf 66' lang='lat' dir='ltr'><em>infirmitatem</em></span> <span class='ocrx_word' id='word_1_327' title='bbox 983 3126 1073 3185; x_wconf 86' lang='lat' dir='ltr'><em>terra</em></span> <span class='ocrx_word' id='word_1_328' title='bbox 1091 3123 1216 3211; x_wconf 81' lang='lat' dir='ltr'><em>arrepti</em></span> <span class='ocrx_word' id='word_1_329' title='bbox 1231 3146 1251 3189; x_wconf 95' lang='lat' dir='ltr'><em>a</em></span> <span class='ocrx_word' id='word_1_330' title='bbox 1266 3122 1674 3203; x_wconf 76' lang='lat' dir='ltr'><em>darmoaidaseliduntur,</em></span> <span class='ocrx_word' id='word_1_331' title='bbox 1699 3134 1847 3215; x_wconf 83' lang='lat' dir='ltr'><em>autqua-</em></span> 
     </span>
     <span class='ocr_line' id='line_1_29' title="bbox 176 3215 1850 3318; baseline 0.002 -34"><span class='ocrx_word' id='word_1_332' title='bbox 176 3224 201 3286; x_wconf 84' lang='lat' dir='ltr'><em>is</em></span> <span class='ocrx_word' id='word_1_333' title='bbox 217 3221 301 3288; x_wconf 85' lang='lat' dir='ltr'><em>virae</em></span> <span class='ocrx_word' id='word_1_334' title='bbox 321 3221 406 3288; x_wconf 85' lang='lat' dir='ltr'><em>uiam</em></span> <span class='ocrx_word' id='word_1_335' title='bbox 426 3218 591 3313; x_wconf 74' lang='lat' dir='ltr'><em>persesiac</em></span> <span class='ocrx_word' id='word_1_336' title='bbox 619 3241 687 3286; x_wconf 89' lang='lat' dir='ltr'><em>uon</em></span> <span class='ocrx_word' id='word_1_337' title='bbox 714 3215 801 3286; x_wconf 87' lang='lat' dir='ltr'><em>ualet</em></span> <span class='ocrx_word' id='word_1_338' title='bbox 818 3226 947 3292; x_wconf 84' lang='lat' dir='ltr'><em>tenere,</em></span> <span class='ocrx_word' id='word_1_339' title='bbox 977 3216 1058 3283; x_wconf 81' lang='lat' dir='ltr'><em>&#39;libet</em></span> <span class='ocrx_word' id='word_1_340' title='bbox 1073 3220 1166 3285; x_wconf 89' lang='lat' dir='ltr'><em>moda</em></span> <span class='ocrx_word' id='word_1_341' title='bbox 1180 3220 1360 3289; x_wconf 82' lang='lat' dir='ltr'><em>vexationis</em></span> <span class='ocrx_word' id='word_1_342' title='bbox 1376 3222 1554 3318; x_wconf 83' lang='lat' dir='ltr'><em>ineursbus</em></span> <span class='ocrx_word' id='word_1_343' title='bbox 1571 3218 1769 3313; x_wconf 85' lang='lat' dir='ltr'><em>efferantur,</em></span> <span class='ocrx_word' id='word_1_344' title='bbox 1796 3219 1850 3291; x_wconf 85' lang='lat' dir='ltr'><em>oei</em></span> 
     </span>
     <span class='ocr_line' id='line_1_30' title="bbox 176 3311 1848 3409; baseline 0 -24"><span class='ocrx_word' id='word_1_345' title='bbox 176 3319 310 3390; x_wconf 53' lang='lat' dir='ltr'><em>irridete</em></span> <span class='ocrx_word' id='word_1_346' title='bbox 336 3322 414 3409; x_wconf 81' lang='lat' dir='ltr'><em>qaia</em></span> <span class='ocrx_word' id='word_1_347' title='bbox 433 3319 578 3393; x_wconf 84' lang='lat' dir='ltr'><em>uidelicet</em></span> <span class='ocrx_word' id='word_1_348' title='bbox 599 3318 674 3384; x_wconf 88' lang='lat' dir='ltr'><em>dam</em></span> <span class='ocrx_word' id='word_1_349' title='bbox 692 3319 765 3408; x_wconf 87' lang='lat' dir='ltr'><em>quis</em></span> <span class='ocrx_word' id='word_1_350' title='bbox 780 3317 822 3383; x_wconf 90' lang='lat' dir='ltr'><em>ad</em></span> <span class='ocrx_word' id='word_1_351' title='bbox 841 3316 946 3384; x_wconf 80' lang='lat' dir='ltr'><em>nictu·</em></span> <span class='ocrx_word' id='word_1_352' title='bbox 973 3311 1083 3407; x_wconf 87' lang='lat' dir='ltr'><em>sacris</em></span> <span class='ocrx_word' id='word_1_353' title='bbox 1107 3320 1249 3387; x_wconf 86' lang='lat' dir='ltr'><em>audeant</em></span> <span class='ocrx_word' id='word_1_354' title='bbox 1270 3312 1452 3408; x_wconf 82' lang='lat' dir='ltr'><em>ninisrare</em></span> <span class='ocrx_word' id='word_1_355' title='bbox 1475 3322 1655 3399; x_wconf 77' lang='lat' dir='ltr'><em>altaribus,</em></span> <span class='ocrx_word' id='word_1_356' title='bbox 1681 3318 1732 3389; x_wconf 77' lang='lat' dir='ltr'><em>orl</em></span> <span class='ocrx_word' id='word_1_357' title='bbox 1743 3320 1848 3391; x_wconf 80' lang='lat' dir='ltr'><em>indis·</em></span> 
     </span>
     <span class='ocr_line' id='line_1_31' title="bbox 176 3407 1849 3512; baseline 0.001 -29"><span class='ocrx_word' id='word_1_358' title='bbox 176 3427 252 3486; x_wconf 83' lang='lat' dir='ltr'><em>stum</em></span> <span class='ocrx_word' id='word_1_359' title='bbox 264 3415 365 3512; x_wconf 62' lang='lat' dir='ltr'><em>saxa,</em></span> <span class='ocrx_word' id='word_1_360' title='bbox 379 3414 603 3506; x_wconf 88' lang='lat' dir='ltr'><em>consuetudine</em></span> <span class='ocrx_word' id='word_1_361' title='bbox 620 3438 686 3483; x_wconf 90' lang='lat' dir='ltr'><em>non</em></span> <span class='ocrx_word' id='word_1_362' title='bbox 701 3416 860 3508; x_wconf 82' lang='lat' dir='ltr'><em>erigitur,</em></span> <span class='ocrx_word' id='word_1_363' title='bbox 884 3436 948 3507; x_wconf 83' lang='lat' dir='ltr'><em>quo</em></span> <span class='ocrx_word' id='word_1_364' title='bbox 986 3407 1065 3502; x_wconf 82' lang='lat' dir='ltr'><em>casse</em></span> <span class='ocrx_word' id='word_1_365' title='bbox 1080 3411 1122 3507; x_wconf 86' lang='lat' dir='ltr'><em>se</em></span> <span class='ocrx_word' id='word_1_366' title='bbox 1148 3418 1304 3512; x_wconf 87' lang='lat' dir='ltr'><em>ingerant</em></span> <span class='ocrx_word' id='word_1_367' title='bbox 1312 3416 1524 3508; x_wconf 83' lang='lat' dir='ltr'><em>sacramentis</em></span> <span class='ocrx_word' id='word_1_368' title='bbox 1541 3419 1682 3502; x_wconf 84' lang='lat' dir='ltr'><em>divinis,</em></span> <span class='ocrx_word' id='word_1_369' title='bbox 1708 3421 1849 3509; x_wconf 82' lang='lat' dir='ltr'><em>exceptis</em></span> 
     </span>
     <span class='ocr_line' id='line_1_32' title="bbox 176 3505 1847 3616; baseline 0.002 -35"><span class='ocrx_word' id='word_1_370' title='bbox 176 3518 277 3581; x_wconf 87' lang='lat' dir='ltr'><em>eriam</em></span> <span class='ocrx_word' id='word_1_371' title='bbox 291 3512 357 3606; x_wconf 76' lang='lat' dir='ltr'><em>esus</em></span> <span class='ocrx_word' id='word_1_372' title='bbox 368 3517 507 3588; x_wconf 87' lang='lat' dir='ltr'><em>nititur,</em></span> <span class='ocrx_word' id='word_1_373' title='bbox 534 3507 744 3607; x_wconf 80' lang='lat' dir='ltr'><em>ilsncgresus</em></span> <span class='ocrx_word' id='word_1_374' title='bbox 764 3515 872 3602; x_wconf 86' lang='lat' dir='ltr'><em>operit</em></span> <span class='ocrx_word' id='word_1_375' title='bbox 887 3510 951 3604; x_wconf 86' lang='lat' dir='ltr'><em>effi·</em></span> <span class='ocrx_word' id='word_1_376' title='bbox 988 3505 1070 3588; x_wconf 78' lang='lat' dir='ltr'><em>iliis,</em></span> <span class='ocrx_word' id='word_1_377' title='bbox 1087 3517 1159 3607; x_wconf 33' lang='lat' dir='ltr'><em>&#39;qm&#39;</em></span> <span class='ocrx_word' id='word_1_378' title='bbox 1184 3538 1356 3606; x_wconf 60' lang='lat' dir='ltr'><em>corporum</em></span> <span class='ocrx_word' id='word_1_379' title='bbox 1387 3518 1643 3587; x_wconf 78' lang='lat' dir='ltr'><em>incommoditati</em></span> <span class='ocrx_word' id='word_1_380' title='bbox 1663 3519 1847 3616; x_wconf 75' lang='lat' dir='ltr'><em>deditisne</em></span> 
     </span>
    </p>
   </div>
   <div class='ocr_carea' id='block_1_7' title="bbox 176 3604 1847 3712">
    <p class='ocr_par' dir='ltr' id='par_1_8' title="bbox 176 3604 1931 3712">
     <span class='ocr_line' id='line_1_33' title="bbox 176 3604 1847 3712; baseline 0.004 -34"><span class='ocrx_word' id='word_1_381' title='bbox 176 3608 497 3704; x_wconf 80' lang='lat' dir='ltr'><em>ernonscqu&#39;rsntur.</em></span> <span class='ocrx_word' id='word_1_382' title='bbox 548 3611 874 3701; x_wconf 84' lang='lat' dir='ltr'><em>Parvo-autemaaso</em></span> <span class='ocrx_word' id='word_1_383' title='bbox 892 3609 950 3700; x_wconf 81' lang='lat' dir='ltr'><em>cs,</em></span> <span class='ocrx_word' id='word_1_384' title='bbox 987 3608 1172 3703; x_wconf 70' lang='lat' dir='ltr'><em>injasmodi</em></span> <span class='ocrx_word' id='word_1_385' title='bbox 1194 3614 1390 3706; x_wconf 82' lang='lat' dir='ltr'><em>pafflonilrus</em></span> <span class='ocrx_word' id='word_1_386' title='bbox 1412 3604 1446 3684; x_wconf 77' lang='lat' dir='ltr'><em>ti</em></span> <span class='ocrx_word' id='word_1_387' title='bbox 1464 3631 1551 3685; x_wconf 75' lang='lat' dir='ltr'><em>terra</em></span> <span class='ocrx_word' id='word_1_388' title='bbox 1574 3616 1761 3706; x_wconf 81' lang='lat' dir='ltr'><em>probantur</em></span> <span class='ocrx_word' id='word_1_389' title='bbox 1780 3613 1847 3712; x_wconf 82' lang='lat' dir='ltr'><em>eliſs</em></span> 
     </span>
    </p>
   </div>
   <div class='ocr_carea' id='block_1_8' title="bbox 176 3704 1856 4500">
    <p class='ocr_par' dir='ltr' id='par_1_9' title="bbox 176 3704 1856 4500">
     <span class='ocr_line' id='line_1_34' title="bbox 176 3704 1849 3800; baseline 0.005 -22"><span class='ocrx_word' id='word_1_390' title='bbox 176 3715 391 3778; x_wconf 76' lang='lat' dir='ltr'><em>adimendam</em></span> <span class='ocrx_word' id='word_1_391' title='bbox 406 3709 582 3800; x_wconf 79' lang='lat' dir='ltr'><em>mensnram</em></span> <span class='ocrx_word' id='word_1_392' title='bbox 599 3706 803 3796; x_wconf 84' lang='lat' dir='ltr'><em>discretionis</em></span> <span class='ocrx_word' id='word_1_393' title='bbox 818 3712 951 3778; x_wconf 88' lang='lat' dir='ltr'><em>idonens</em></span> <span class='ocrx_word' id='word_1_394' title='bbox 989 3704 1062 3797; x_wconf 62' lang='lat' dir='ltr'><em>&amp;a</em></span> <span class='ocrx_word' id='word_1_395' title='bbox 1089 3733 1120 3780; x_wconf 89' lang='lat' dir='ltr'><em>c.</em></span> <span class='ocrx_word' id='word_1_396' title='bbox 1134 3711 1280 3799; x_wconf 80' lang='lat' dir='ltr'><em>Clerici3</em></span> <span class='ocrx_word' id='word_1_397' title='bbox 1306 3713 1376 3785; x_wconf 78' lang='lat' dir='ltr'><em>diti.</em></span> <span class='ocrx_word' id='word_1_398' title='bbox 1404 3714 1521 3784; x_wconf 83' lang='lat' dir='ltr'><em>eadem</em></span> <span class='ocrx_word' id='word_1_399' title='bbox 1540 3736 1578 3780; x_wconf 85' lang='lat' dir='ltr'><em>ex</em></span> <span class='ocrx_word' id='word_1_400' title='bbox 1596 3710 1746 3783; x_wconf 80' lang='lat' dir='ltr'><em>Gelasio:</em></span> <span class='ocrx_word' id='word_1_401' title='bbox 1773 3706 1849 3787; x_wconf 72' lang='lat' dir='ltr'><em>Cte-</em></span> 
     </span>
     <span class='ocr_line' id='line_1_35' title="bbox 176 3798 1847 3908; baseline 0.006 -33"><span class='ocrx_word' id='word_1_402' title='bbox 176 3807 233 3893; x_wconf 82' lang='lat' dir='ltr'><em>esl,</em></span> <span class='ocrx_word' id='word_1_403' title='bbox 259 3807 338 3891; x_wconf 88' lang='lat' dir='ltr'><em>naso</em></span> <span class='ocrx_word' id='word_1_404' title='bbox 351 3810 472 3901; x_wconf 72' lang='lat' dir='ltr'><em>quippe</em></span> <span class='ocrx_word' id='word_1_405' title='bbox 493 3798 620 3876; x_wconf 62' lang='lat' dir='ltr'><em>odorrs&#39;</em></span> <span class='ocrx_word' id='word_1_406' title='bbox 621 3809 820 3901; x_wconf 66' lang='lat' dir='ltr'><em>foetoresque</em></span> <span class='ocrx_word' id='word_1_407' title='bbox 832 3806 949 3899; x_wconf 58' lang='lat' dir='ltr'><em>disier-¹</em></span> <span class='ocrx_word' id='word_1_408' title='bbox 987 3807 1070 3890; x_wconf 89' lang='lat' dir='ltr'><em>rici,</em></span> <span class='ocrx_word' id='word_1_409' title='bbox 1098 3810 1206 3901; x_wconf 82' lang='lat' dir='ltr'><em>quiin</em></span> <span class='ocrx_word' id='word_1_410' title='bbox 1229 3808 1479 3901; x_wconf 73' lang='lat' dir='ltr'><em>adolescentiae</em></span> <span class='ocrx_word' id='word_1_411' title='bbox 1502 3815 1708 3882; x_wconf 82' lang='lat' dir='ltr'><em>daemonibus</em></span> <span class='ocrx_word' id='word_1_412' title='bbox 1727 3837 1847 3908; x_wconf 79' lang='lat' dir='ltr'><em>cogno·</em></span> 
     </span>
     <span class='ocr_line' id='line_1_36' title="bbox 176 3902 1851 4007; baseline 0.005 -32"><span class='ocrx_word' id='word_1_413' title='bbox 176 3932 216 3986; x_wconf 79' lang='lat' dir='ltr'><em>s,</em></span> <span class='ocrx_word' id='word_1_414' title='bbox 241 3903 324 3973; x_wconf 61' lang='lat' dir='ltr'><em>rifle</em></span> <span class='ocrx_word' id='word_1_415' title='bbox 337 3928 414 4001; x_wconf 86' lang='lat' dir='ltr'><em>ergo</em></span> <span class='ocrx_word' id='word_1_416' title='bbox 430 3928 492 3996; x_wconf 90' lang='lat' dir='ltr'><em>per</em></span> <span class='ocrx_word' id='word_1_417' title='bbox 507 3902 618 3994; x_wconf 88' lang='lat' dir='ltr'><em>nasnsn</em></span> <span class='ocrx_word' id='word_1_418' title='bbox 632 3903 779 3998; x_wconf 85' lang='lat' dir='ltr'><em>discretio</em></span> <span class='ocrx_word' id='word_1_419' title='bbox 798 3908 950 3994; x_wconf 84' lang='lat' dir='ltr'><em>exprimi·</em></span> <span class='ocrx_word' id='word_1_420' title='bbox 976 3904 1123 3997; x_wconf 85' lang='lat' dir='ltr'><em>stuntur</em></span> <span class='ocrx_word' id='word_1_421' title='bbox 1139 3908 1279 3999; x_wconf 58' lang='lat' dir='ltr'><em>odseffig&#39;</em></span> <span class='ocrx_word' id='word_1_422' title='bbox 1292 3915 1335 3979; x_wconf 90' lang='lat' dir='ltr'><em>ad</em></span> <span class='ocrx_word' id='word_1_423' title='bbox 1348 3909 1557 4004; x_wconf 87' lang='lat' dir='ltr'><em>superiorem</em></span> <span class='ocrx_word' id='word_1_424' title='bbox 1570 3907 1667 4002; x_wconf 90' lang='lat' dir='ltr'><em>sacri</em></span> <span class='ocrx_word' id='word_1_425' title='bbox 1684 3916 1851 4007; x_wconf 86' lang='lat' dir='ltr'><em>regiminis</em></span> 
     </span>
     <span class='ocr_line' id='line_1_37' title="bbox 183 3997 1853 4106; baseline 0.007 -36"><span class='ocrx_word' id='word_1_426' title='bbox 183 4027 249 4096; x_wconf 89' lang='lat' dir='ltr'><em>per</em></span> <span class='ocrx_word' id='word_1_427' title='bbox 266 4028 359 4099; x_wconf 86' lang='lat' dir='ltr'><em>quam</em></span> <span class='ocrx_word' id='word_1_428' title='bbox 371 4005 506 4074; x_wconf 85' lang='lat' dir='ltr'><em>virtuter</em></span> <span class='ocrx_word' id='word_1_429' title='bbox 523 4004 688 4097; x_wconf 85' lang='lat' dir='ltr'><em>eligimus,</em></span> <span class='ocrx_word' id='word_1_430' title='bbox 712 3997 951 4094; x_wconf 77' lang='lat' dir='ltr'><em>delitiaripro·</em></span> <span class='ocrx_word' id='word_1_431' title='bbox 984 4007 1125 4101; x_wconf 81' lang='lat' dir='ltr'><em>gradum</em></span> <span class='ocrx_word' id='word_1_432' title='bbox 1139 4003 1332 4099; x_wconf 81' lang='lat' dir='ltr'><em>adscendere</em></span> <span class='ocrx_word' id='word_1_433' title='bbox 1348 4030 1413 4080; x_wconf 94' lang='lat' dir='ltr'><em>non</em></span> <span class='ocrx_word' id='word_1_434' title='bbox 1426 4008 1567 4106; x_wconf 80' lang='lat' dir='ltr'><em>posunt.</em></span> <span class='ocrx_word' id='word_1_435' title='bbox 1589 4034 1618 4081; x_wconf 86' lang='lat' dir='ltr'><em>c.</em></span> <span class='ocrx_word' id='word_1_436' title='bbox 1634 4008 1853 4100; x_wconf 83' lang='lat' dir='ltr'><em>Poenitentee;</em></span> 
     </span>
     <span class='ocr_line' id='line_1_38' title="bbox 176 4096 1852 4204; baseline -0.001 -34"><span class='ocrx_word' id='word_1_437' title='bbox 176 4128 212 4171; x_wconf 84' lang='lat' dir='ltr'><em>rs.</em></span> <span class='ocrx_word' id='word_1_438' title='bbox 268 4102 381 4195; x_wconf 84' lang='lat' dir='ltr'><em>Nasus</em></span> <span class='ocrx_word' id='word_1_439' title='bbox 393 4099 588 4196; x_wconf 75' lang='lat' dir='ltr'><em>grandis&amp;</em></span> <span class='ocrx_word' id='word_1_440' title='bbox 604 4112 709 4170; x_wconf 86' lang='lat' dir='ltr'><em>tortus</em></span> <span class='ocrx_word' id='word_1_441' title='bbox 726 4096 768 4189; x_wconf 88' lang='grc' dir='ltr'><em>ιβ</em></span> <span class='ocrx_word' id='word_1_442' title='bbox 783 4098 948 4188; x_wconf 88' lang='lat' dir='ltr'><em>discretio·</em></span> <span class='ocrx_word' id='word_1_443' title='bbox 989 4099 1061 4170; x_wconf 83' lang='lat' dir='ltr'><em>disl.</em></span> <span class='ocrx_word' id='word_1_444' title='bbox 1077 4127 1134 4183; x_wconf 83' lang='grc' dir='ltr'><em>ςς.</em></span> <span class='ocrx_word' id='word_1_445' title='bbox 1151 4128 1189 4173; x_wconf 86' lang='lat' dir='ltr'><em>ex</em></span> <span class='ocrx_word' id='word_1_446' title='bbox 1206 4099 1276 4196; x_wconf 86' lang='lat' dir='ltr'><em>syn.</em></span> <span class='ocrx_word' id='word_1_447' title='bbox 1295 4106 1396 4178; x_wconf 83' lang='lat' dir='ltr'><em>Rom.</em></span> <span class='ocrx_word' id='word_1_448' title='bbox 1422 4108 1543 4204; x_wconf 78' lang='lat' dir='ltr'><em>Aliqua</em></span> <span class='ocrx_word' id='word_1_449' title='bbox 1566 4108 1772 4181; x_wconf 72' lang='lat' dir='ltr'><em>membrorum</em></span> <span class='ocrx_word' id='word_1_450' title='bbox 1792 4115 1852 4180; x_wconf 71' lang='lat' dir='ltr'><em>da.</em></span> 
     </span>
     <span class='ocr_line' id='line_1_39' title="bbox 176 4200 1852 4299; baseline 0.008 -31"><span class='ocrx_word' id='word_1_451' title='bbox 176 4201 319 4269; x_wconf 81' lang='lat' dir='ltr'><em>icbtilitas</em></span> <span class='ocrx_word' id='word_1_452' title='bbox 337 4204 565 4281; x_wconf 88' lang='lat' dir='ltr'><em>immoderata,</em></span> <span class='ocrx_word' id='word_1_453' title='bbox 592 4222 675 4295; x_wconf 87' lang='lat' dir='ltr'><em>qaae</em></span> <span class='ocrx_word' id='word_1_454' title='bbox 691 4205 765 4266; x_wconf 88' lang='lat' dir='ltr'><em>dura</em></span> <span class='ocrx_word' id='word_1_455' title='bbox 778 4201 949 4294; x_wconf 85' lang='lat' dir='ltr'><em>piusquam</em></span> <span class='ocrx_word' id='word_1_456' title='bbox 988 4224 1062 4269; x_wconf 88' lang='lat' dir='ltr'><em>rnna</em></span> <span class='ocrx_word' id='word_1_457' title='bbox 1080 4206 1213 4299; x_wconf 81' lang='lat' dir='ltr'><em>perpeffi</em></span> <span class='ocrx_word' id='word_1_458' title='bbox 1234 4209 1278 4274; x_wconf 89' lang='lat' dir='ltr'><em>ad</em></span> <span class='ocrx_word' id='word_1_459' title='bbox 1292 4200 1410 4295; x_wconf 89' lang='lat' dir='ltr'><em>sacras</em></span> <span class='ocrx_word' id='word_1_460' title='bbox 1433 4216 1567 4279; x_wconf 79' lang='lat' dir='ltr'><em>ordine-r</em></span> <span class='ocrx_word' id='word_1_461' title='bbox 1590 4208 1761 4299; x_wconf 85' lang='lat' dir='ltr'><em>adspirare</em></span> <span class='ocrx_word' id='word_1_462' title='bbox 1783 4233 1852 4281; x_wconf 90' lang='lat' dir='ltr'><em>non</em></span> 
     </span>
     <span class='ocr_line' id='line_1_40' title="bbox 177 4296 1856 4404; baseline 0.008 -39"><span class='ocrx_word' id='word_1_463' title='bbox 177 4323 200 4374; x_wconf 50' lang='lat'><em>¹,</em></span> <span class='ocrx_word' id='word_1_464' title='bbox 227 4301 422 4383; x_wconf 76' lang='lat' dir='ltr'><em>excreverit,</em></span> <span class='ocrx_word' id='word_1_465' title='bbox 461 4298 599 4369; x_wconf 76' lang='lat' dir='ltr'><em>otilonis</em></span> <span class='ocrx_word' id='word_1_466' title='bbox 613 4298 701 4389; x_wconf 89' lang='lat' dir='ltr'><em>suae</em></span> <span class='ocrx_word' id='word_1_467' title='bbox 727 4296 949 4367; x_wconf 64' lang='lat' dir='ltr'><em>restitndmem</em></span> <span class='ocrx_word' id='word_1_468' title='bbox 987 4304 1152 4375; x_wconf 66' lang='lat' dir='ltr'><em>audeant„</em></span> <span class='ocrx_word' id='word_1_469' title='bbox 1197 4311 1344 4397; x_wconf 83' lang='lat' dir='ltr'><em>Corpore</em></span> <span class='ocrx_word' id='word_1_470' title='bbox 1366 4317 1471 4375; x_wconf 88' lang='lat' dir='ltr'><em>autem</em></span> <span class='ocrx_word' id='word_1_471' title='bbox 1497 4311 1604 4378; x_wconf 83' lang='lat' dir='ltr'><em>vitiati</em></span> <span class='ocrx_word' id='word_1_472' title='bbox 1622 4302 1856 4404; x_wconf 84' lang='lat' dir='ltr'><em>intelligantur</em></span> 
     </span>
     <span class='ocr_line' id='line_1_41' title="bbox 178 4397 1850 4500; baseline 0.005 -33"><span class='ocrx_word' id='word_1_473' title='bbox 178 4399 362 4490; x_wconf 75' lang='lat' dir='ltr'><em>confundit.</em></span> <span class='ocrx_word' id='word_1_474' title='bbox 412 4398 532 4468; x_wconf 73' lang='lat' dir='ltr'><em>Fraus</em></span> <span class='ocrx_word' id='word_1_475' title='bbox 544 4401 622 4487; x_wconf 89' lang='lat' dir='ltr'><em>pede</em></span> <span class='ocrx_word' id='word_1_476' title='bbox 636 4399 688 4466; x_wconf 85' lang='lat' dir='ltr'><em>oel</em></span> <span class='ocrx_word' id='word_1_477' title='bbox 704 4420 799 4465; x_wconf 90' lang='lat' dir='ltr'><em>mann</em></span> <span class='ocrx_word' id='word_1_478' title='bbox 813 4398 868 4490; x_wconf 87' lang='grc' dir='ltr'><em>ιβ,</em></span> <span class='ocrx_word' id='word_1_479' title='bbox 893 4399 950 4491; x_wconf 83' lang='lat' dir='ltr'><em>qui</em></span> <span class='ocrx_word' id='word_1_480' title='bbox 989 4420 1056 4467; x_wconf 87' lang='lat' dir='ltr'><em>non</em></span> <span class='ocrx_word' id='word_1_481' title='bbox 1076 4397 1150 4490; x_wconf 77' lang='lat' dir='ltr'><em>caste</em></span> <span class='ocrx_word' id='word_1_482' title='bbox 1165 4398 1231 4494; x_wconf 83' lang='lat' dir='ltr'><em>sed</em></span> <span class='ocrx_word' id='word_1_483' title='bbox 1253 4406 1393 4494; x_wconf 90' lang='lat' dir='ltr'><em>propria</em></span> <span class='ocrx_word' id='word_1_484' title='bbox 1413 4408 1581 4476; x_wconf 85' lang='lat' dir='ltr'><em>voluntate</em></span> <span class='ocrx_word' id='word_1_485' title='bbox 1602 4404 1734 4500; x_wconf 79' lang='lat' dir='ltr'><em>alsciffi.</em></span> <span class='ocrx_word' id='word_1_486' title='bbox 1765 4432 1793 4477; x_wconf 89' lang='lat' dir='ltr'><em>c.</em></span> <span class='ocrx_word' id='word_1_487' title='bbox 1816 4408 1850 4480; x_wconf 84' lang='lat' dir='ltr'><em>si</em></span> 
     </span>
    </p>
   </div>
   <div class='ocr_carea' id='block_1_9' title="bbox 176 4491 1856 4983">
    <p class='ocr_par' dir='ltr' id='par_1_10' title="bbox 176 4491 1856 4983">
     <span class='ocr_line' id='line_1_42' title="bbox 200 4491 1853 4603; baseline 0.01 -41"><span class='ocrx_word' id='word_1_488' title='bbox 200 4497 330 4568; x_wconf 83' lang='lat' dir='ltr'><em>Domini</em></span> <span class='ocrx_word' id='word_1_489' title='bbox 340 4517 480 4588; x_wconf 74' lang='lat' dir='ltr'><em>pergere</em></span> <span class='ocrx_word' id='word_1_490' title='bbox 499 4498 625 4563; x_wconf 89' lang='lat' dir='ltr'><em>omnino</em></span> <span class='ocrx_word' id='word_1_491' title='bbox 642 4518 708 4562; x_wconf 87' lang='lat' dir='ltr'><em>non</em></span> <span class='ocrx_word' id='word_1_492' title='bbox 728 4499 832 4579; x_wconf 87' lang='lat' dir='ltr'><em>valet,</em></span> <span class='ocrx_word' id='word_1_493' title='bbox 850 4510 949 4590; x_wconf 86' lang='lat' dir='ltr'><em>atquc</em></span> <span class='ocrx_word' id='word_1_494' title='bbox 990 4498 1062 4586; x_wconf 85' lang='lat' dir='ltr'><em>quis</em></span> <span class='ocrx_word' id='word_1_495' title='bbox 1074 4491 1270 4585; x_wconf 77' lang='lat' dir='ltr'><em>absciderit3</em></span> <span class='ocrx_word' id='word_1_496' title='bbox 1295 4498 1367 4570; x_wconf 87' lang='lat' dir='ltr'><em>disl.</em></span> <span class='ocrx_word' id='word_1_497' title='bbox 1382 4503 1498 4572; x_wconf 78' lang='lat' dir='ltr'><em>endem</em></span> <span class='ocrx_word' id='word_1_498' title='bbox 1513 4528 1551 4572; x_wconf 86' lang='lat' dir='ltr'><em>ex</em></span> <span class='ocrx_word' id='word_1_499' title='bbox 1568 4525 1638 4577; x_wconf 83' lang='lat' dir='ltr'><em>can.</em></span> <span class='ocrx_word' id='word_1_500' title='bbox 1654 4528 1704 4597; x_wconf 85' lang='lat' dir='ltr'><em>ap.</em></span> <span class='ocrx_word' id='word_1_501' title='bbox 1719 4506 1756 4575; x_wconf 88' lang='lat' dir='ltr'><em>Si</em></span> <span class='ocrx_word' id='word_1_502' title='bbox 1777 4512 1853 4603; x_wconf 68' lang='lat' dir='ltr'><em>quis:</em></span> 
     </span>
     <span class='ocr_line' id='line_1_43' title="bbox 176 4591 1850 4702; baseline 0.007 -40"><span class='ocrx_word' id='word_1_503' title='bbox 176 4598 222 4662; x_wconf 85' lang='lat' dir='ltr'><em>nis</em></span> <span class='ocrx_word' id='word_1_504' title='bbox 234 4591 527 4685; x_wconf 70' lang='lat' dir='ltr'><em>asiibnsfanditns</em></span> <span class='ocrx_word' id='word_1_505' title='bbox 543 4592 650 4684; x_wconf 84' lang='lat' dir='ltr'><em>exsors</em></span> <span class='ocrx_word' id='word_1_506' title='bbox 666 4604 777 4673; x_wconf 85' lang='lat' dir='ltr'><em>vacat,</em></span> <span class='ocrx_word' id='word_1_507' title='bbox 792 4607 951 4686; x_wconf 82' lang='lat' dir='ltr'><em>qnatenus</em></span> <span class='ocrx_word' id='word_1_508' title='bbox 979 4591 1190 4687; x_wconf 84' lang='lat' dir='ltr'><em>semetipsum</em></span> <span class='ocrx_word' id='word_1_509' title='bbox 1211 4600 1406 4691; x_wconf 78' lang='lat' dir='ltr'><em>alscidcrit,</em></span> <span class='ocrx_word' id='word_1_510' title='bbox 1432 4603 1490 4672; x_wconf 82' lang='lat' dir='ltr'><em>hoc</em></span> <span class='ocrx_word' id='word_1_511' title='bbox 1505 4600 1562 4691; x_wconf 82' lang='grc' dir='ltr'><em>ιβ,</em></span> <span class='ocrx_word' id='word_1_512' title='bbox 1576 4601 1609 4696; x_wconf 84' lang='grc' dir='ltr'><em>β</em></span> <span class='ocrx_word' id='word_1_513' title='bbox 1626 4601 1771 4702; x_wconf 76' lang='lat' dir='ltr'><em>quissbi</em></span> <span class='ocrx_word' id='word_1_514' title='bbox 1784 4628 1850 4674; x_wconf 88' lang='lat' dir='ltr'><em>am-</em></span> 
     </span>
     <span class='ocr_line' id='line_1_44' title="bbox 181 4689 1851 4799; baseline 0.008 -36"><span class='ocrx_word' id='word_1_515' title='bbox 181 4715 247 4763; x_wconf 88' lang='lat' dir='ltr'><em>non</em></span> <span class='ocrx_word' id='word_1_516' title='bbox 264 4701 301 4760; x_wconf 88' lang='lat' dir='ltr'><em>ut</em></span> <span class='ocrx_word' id='word_1_517' title='bbox 321 4689 576 4783; x_wconf 87' lang='lat' dir='ltr'><em>claudussnttem</em></span> <span class='ocrx_word' id='word_1_518' title='bbox 599 4714 666 4759; x_wconf 87' lang='lat' dir='ltr'><em>caen</em></span> <span class='ocrx_word' id='word_1_519' title='bbox 690 4690 880 4783; x_wconf 74' lang='lat' dir='ltr'><em>infirmitate</em></span> <span class='ocrx_word' id='word_1_520' title='bbox 905 4701 950 4759; x_wconf 84' lang='lat' dir='ltr'><em>te&#39;·</em></span> <span class='ocrx_word' id='word_1_521' title='bbox 987 4698 1157 4784; x_wconf 79' lang='lat' dir='ltr'><em>putauerit</em></span> <span class='ocrx_word' id='word_1_522' title='bbox 1183 4696 1314 4792; x_wconf 76' lang='lat' dir='ltr'><em>virilia,</em></span> <span class='ocrx_word' id='word_1_523' title='bbox 1351 4724 1418 4769; x_wconf 74' lang='lat' dir='ltr'><em>nan</em></span> <span class='ocrx_word' id='word_1_524' title='bbox 1432 4701 1674 4794; x_wconf 75' lang='lat' dir='ltr'><em>saisierunt,</em></span> <span class='ocrx_word' id='word_1_525' title='bbox 1702 4707 1780 4799; x_wconf 87' lang='lat' dir='ltr'><em>qaia</em></span> <span class='ocrx_word' id='word_1_526' title='bbox 1789 4705 1851 4797; x_wconf 87' lang='lat' dir='ltr'><em>sui</em></span> 
     </span>
     <span class='ocr_line' id='line_1_45' title="bbox 183 4788 1853 4883; baseline 0.01 -29"><span class='ocrx_word' id='word_1_527' title='bbox 183 4845 193 4871; x_wconf 90' lang='lat'><strong><em>,</em></strong></span> <span class='ocrx_word' id='word_1_528' title='bbox 206 4789 272 4882; x_wconf 88' lang='lat' dir='ltr'><em>sed</em></span> <span class='ocrx_word' id='word_1_529' title='bbox 290 4790 329 4856; x_wconf 87' lang='lat' dir='ltr'><em>ab</em></span> <span class='ocrx_word' id='word_1_530' title='bbox 348 4788 396 4857; x_wconf 83' lang='lat' dir='ltr'><em>iris</em></span> <span class='ocrx_word' id='word_1_531' title='bbox 410 4792 556 4857; x_wconf 86' lang='lat' dir='ltr'><em>ornnr&#39;lrur</em></span> <span class='ocrx_word' id='word_1_532' title='bbox 569 4789 691 4857; x_wconf 86' lang='lat' dir='ltr'><em>alienos</em></span> <span class='ocrx_word' id='word_1_533' title='bbox 704 4788 841 4883; x_wconf 79' lang='lat' dir='ltr'><em>cressiat.</em></span> <span class='ocrx_word' id='word_1_534' title='bbox 872 4793 948 4863; x_wconf 72' lang='grc' dir='ltr'><em>οἱὸ·</em></span> <span class='ocrx_word' id='word_1_535' title='bbox 990 4789 1033 4877; x_wconf 89' lang='grc' dir='ltr'><em>ιβ</em></span> <span class='ocrx_word' id='word_1_536' title='bbox 1052 4791 1264 4880; x_wconf 74' lang='lat' dir='ltr'><em>homicida&amp;</em></span> <span class='ocrx_word' id='word_1_537' title='bbox 1281 4788 1347 4867; x_wconf 69' lang='lat' dir='ltr'><em>[M</em></span> <span class='ocrx_word' id='word_1_538' title='bbox 1365 4796 1545 4868; x_wconf 86' lang='lat' dir='ltr'><em>conditioni</em></span> <span class='ocrx_word' id='word_1_539' title='bbox 1567 4802 1721 4874; x_wconf 82' lang='lat' dir='ltr'><em>inimicus.</em></span> <span class='ocrx_word' id='word_1_540' title='bbox 1739 4828 1768 4876; x_wconf 83' lang='lat' dir='ltr'><em>e.</em></span> <span class='ocrx_word' id='word_1_541' title='bbox 1783 4806 1853 4874; x_wconf 84' lang='lat' dir='ltr'><em>Pri·</em></span> 
     </span>
     <span class='ocr_line' id='line_1_46' title="bbox 176 4879 1856 4983; baseline 0.012 -29"><span class='ocrx_word' id='word_1_542' title='bbox 176 4913 186 4954; x_wconf 89' lang='lat' dir='ltr'><em>r</em></span> <span class='ocrx_word' id='word_1_543' title='bbox 213 4886 272 4973; x_wconf 80' lang='lat' dir='ltr'><em>es,</em></span> <span class='ocrx_word' id='word_1_544' title='bbox 307 4910 398 4978; x_wconf 84' lang='lat' dir='ltr'><em>quern</em></span> <span class='ocrx_word' id='word_1_545' title='bbox 425 4899 572 4955; x_wconf 89' lang='lat' dir='ltr'><em>terrenae</em></span> <span class='ocrx_word' id='word_1_546' title='bbox 586 4885 804 4974; x_wconf 81' lang='lat' dir='ltr'><em>solicitudinis</em></span> <span class='ocrx_word' id='word_1_547' title='bbox 823 4900 951 4980; x_wconf 89' lang='lat' dir='ltr'><em>pondus</em></span> <span class='ocrx_word' id='word_1_548' title='bbox 988 4886 1066 4979; x_wconf 66' lang='lat' dir='ltr'><em>scis&#39;}</em></span> <span class='ocrx_word' id='word_1_549' title='bbox 1093 4889 1165 4963; x_wconf 81' lang='lat' dir='ltr'><em>dist.</em></span> <span class='ocrx_word' id='word_1_550' title='bbox 1186 4892 1303 4961; x_wconf 84' lang='lat' dir='ltr'><em>eadem</em></span> <span class='ocrx_word' id='word_1_551' title='bbox 1320 4917 1359 4961; x_wconf 88' lang='lat' dir='ltr'><em>ex</em></span> <span class='ocrx_word' id='word_1_552' title='bbox 1380 4893 1486 4964; x_wconf 82' lang='lat' dir='ltr'><em>Gelas.</em></span> <span class='ocrx_word' id='word_1_553' title='bbox 1509 4897 1564 4969; x_wconf 77' lang='lat' dir='ltr'><em>Aet</em></span> <span class='ocrx_word' id='word_1_554' title='bbox 1579 4879 1720 4983; x_wconf 78' lang='lat' dir='ltr'><em>clericale</em></span> <span class='ocrx_word' id='word_1_555' title='bbox 1738 4928 1856 4977; x_wconf 78' lang='lat' dir='ltr'><em>cerastas</em></span> 
     </span>
    </p>
   </div>
   <div class='ocr_carea' id='block_1_10' title="bbox 176 4984 1855 5163">
    <p class='ocr_par' dir='ltr' id='par_1_11' title="bbox 176 4984 1855 5163">
     <span class='ocr_line' id='line_1_47' title="bbox 176 4984 1855 5160; baseline 0.014 -111"><span class='ocrx_word' id='word_1_556' title='bbox 176 4987 483 5160; x_wconf 54' lang='lat' dir='ltr'><em>inimiplepnqaan</em></span> <span class='ocrx_word' id='word_1_557' title='bbox 502 4984 698 5079; x_wconf 84' lang='lat' dir='ltr'><em>adsupcrna</em></span> <span class='ocrx_word' id='word_1_558' title='bbox 715 4987 875 5081; x_wconf 84' lang='lat' dir='ltr'><em>respiciat,</em></span> <span class='ocrx_word' id='word_1_559' title='bbox 885 4988 950 5082; x_wconf 89' lang='lat' dir='ltr'><em>sed</em></span> <span class='ocrx_word' id='word_1_560' title='bbox 989 5009 1055 5057; x_wconf 89' lang='lat' dir='ltr'><em>non</em></span> <span class='ocrx_word' id='word_1_561' title='bbox 1073 4994 1222 5067; x_wconf 88' lang='lat' dir='ltr'><em>accedat,</em></span> <span class='ocrx_word' id='word_1_562' title='bbox 1249 4992 1307 5086; x_wconf 84' lang='lat' dir='ltr'><em>qui</em></span> <span class='ocrx_word' id='word_1_563' title='bbox 1324 4988 1366 5087; x_wconf 88' lang='grc' dir='ltr'><em>ιβ</em></span> <span class='ocrx_word' id='word_1_564' title='bbox 1381 4996 1433 5067; x_wconf 87' lang='lat' dir='ltr'><em>oei</em></span> <span class='ocrx_word' id='word_1_565' title='bbox 1456 4995 1496 5067; x_wconf 82' lang='lat' dir='ltr'><em>ab</em></span> <span class='ocrx_word' id='word_1_566' title='bbox 1512 4991 1726 5092; x_wconf 74' lang='lat' dir='ltr'><em>adolcsicutia</em></span> <span class='ocrx_word' id='word_1_567' title='bbox 1737 4999 1855 5095; x_wconf 83' lang='lat' dir='ltr'><em>sordi·</em></span> 
     </span>
     <span class='ocr_line' id='line_1_48' title="bbox 176 5104 377 5163; baseline 0.04 -8"><span class='ocrx_word' id='word_1_568' title='bbox 176 5104 234 5159; x_wconf 74' lang='lat' dir='ltr'><em>orl.</em></span> <span class='ocrx_word' id='word_1_569' title='bbox 366 5132 377 5163; x_wconf 73' lang='lat' dir='ltr'><em>c</em></span> 
     </span>
    </p>
   </div>
   <div class='ocr_carea' id='block_1_11' title="bbox 2003 338 2095 375">
    <p class='ocr_par' dir='ltr' id='par_1_12' title="bbox 2003 338 2095 375">
     <span class='ocr_line' id='line_1_49' title="bbox 2003 338 2095 375; baseline 0.022 -2"><span class='ocrx_word' id='word_1_570' title='bbox 2003 352 2017 373; x_wconf 64' lang='grc' dir='ltr'><em>ι</em></span> <span class='ocrx_word' id='word_1_571' title='bbox 2085 338 2095 375; x_wconf 68' lang='lat' dir='ltr'><em>l</em></span> 
     </span>
    </p>
   </div>
   <div class='ocr_carea' id='block_1_12' title="bbox 0 0 2426 5859">
    <p class='ocr_par' dir='ltr' id='par_1_13' title="bbox 0 0 2426 5859">
     <span class='ocr_line' id='line_1_50' title="bbox 0 0 2426 5859; baseline 0 0"><span class='ocrx_word' id='word_1_572' title='bbox 0 0 2426 5859; x_wconf 95' lang='lat' dir='ltr'><em> </em></span> 
     </span>
    </p>
   </div>
  </div>
 </body>
</html>
