<?xml version="1.0" encoding="UTF-8"?>
<!DOCTYPE html PUBLIC "-//W3C//DTD XHTML 1.0 Transitional//EN"
    "http://www.w3.org/TR/xhtml1/DTD/xhtml1-transitional.dtd">
<html xmlns="http://www.w3.org/1999/xhtml" xml:lang="en" lang="en">
 <head>
  <title>
</title>
<meta http-equiv="Content-Type" content="text/html;charset=utf-8" />
  <meta name='ocr-system' content='tesseract 3.04.00' />
  <meta name='ocr-capabilities' content='ocr_page ocr_carea ocr_par ocr_line ocrx_word'/>
</head>
<body>
  <div class='ocr_page' id='page_1' title='image "./locitheologicic07cottgoog/locitheologicic07cottgoog_0546.png"; bbox 0 0 4842 5859; ppageno 0'>
   <div class='ocr_carea' id='block_1_1' title="bbox 318 274 2119 423">
    <p class='ocr_par' dir='ltr' id='par_1_1' title="bbox 318 274 2119 423">
     <span class='ocr_line' id='line_1_1' title="bbox 318 274 2119 423; baseline 0.004 -20"><span class='ocrx_word' id='word_1_1' title='bbox 318 327 386 423; x_wconf 77' lang='lat'><em>19⁶</em></span> <span class='ocrx_word' id='word_1_2' title='bbox 453 298 633 402; x_wconf 79' lang='lat' dir='ltr'><em>&#39;roovs</em></span> <span class='ocrx_word' id='word_1_3' title='bbox 655 274 776 407; x_wconf 77' lang='lat' dir='ltr'><em>nno.</em></span> <span class='ocrx_word' id='word_1_4' title='bbox 800 288 932 405; x_wconf 79' lang='lat' dir='ltr'><em>rens</em></span> <span class='ocrx_word' id='word_1_5' title='bbox 957 324 1009 411; x_wconf 76' lang='grc' dir='ltr'><em>ιι.</em></span> <span class='ocrx_word' id='word_1_6' title='bbox 1034 328 1149 407; x_wconf 78' lang='lat' dir='ltr'><em>cnr.</em></span> <span class='ocrx_word' id='word_1_7' title='bbox 1174 326 1265 404; x_wconf 84' lang='lat' dir='ltr'><em>vn.</em></span> <span class='ocrx_word' id='word_1_8' title='bbox 1288 276 1460 406; x_wconf 70' lang='lat' dir='ltr'><em>&#39;soen</em></span> <span class='ocrx_word' id='word_1_9' title='bbox 1486 331 1526 406; x_wconf 82' lang='lat' dir='ltr'><em>v.</em></span> <span class='ocrx_word' id='word_1_10' title='bbox 1558 310 1770 412; x_wconf 79' lang='lat' dir='ltr'><em>nonen.</em></span> <span class='ocrx_word' id='word_1_11' title='bbox 1792 338 1843 409; x_wconf 90' lang='lat' dir='ltr'><em>n.</em></span> <span class='ocrx_word' id='word_1_12' title='bbox 1870 334 1996 416; x_wconf 78' lang='lat' dir='ltr'><em>etr:</em></span> <span class='ocrx_word' id='word_1_13' title='bbox 2017 284 2119 421; x_wconf 55' lang='lat' dir='ltr'><em>ins</em></span> 
     </span>
    </p>
   </div>
   <div class='ocr_carea' id='block_1_2' title="bbox 202 506 2129 4963">
    <p class='ocr_par' dir='ltr' id='par_1_2' title="bbox 321 506 2087 617">
     <span class='ocr_line' id='line_1_2' title="bbox 321 506 2087 617; baseline 0.003 -34"><span class='ocrx_word' id='word_1_14' title='bbox 321 506 439 607; x_wconf 82' lang='lat' dir='ltr'><em>neeeffe</em></span> <span class='ocrx_word' id='word_1_15' title='bbox 465 508 527 605; x_wconf 82' lang='lat' dir='ltr'><em>esi,</em></span> <span class='ocrx_word' id='word_1_16' title='bbox 561 532 630 582; x_wconf 90' lang='lat' dir='ltr'><em>eum</em></span> <span class='ocrx_word' id='word_1_17' title='bbox 657 508 819 583; x_wconf 81' lang='lat' dir='ltr'><em>irretirer</em></span> <span class='ocrx_word' id='word_1_18' title='bbox 845 509 1035 594; x_wconf 81' lang='lat' dir='ltr'><em>trucidatis,</em></span> <span class='ocrx_word' id='word_1_19' title='bbox 1068 511 1184 581; x_wconf 88' lang='lat' dir='ltr'><em>multos</em></span> <span class='ocrx_word' id='word_1_20' title='bbox 1225 529 1293 584; x_wconf 78' lang='lat' dir='ltr'><em>tent</em></span> <span class='ocrx_word' id='word_1_21' title='bbox 1315 528 1444 607; x_wconf 86' lang='lat' dir='ltr'><em>patrum</em></span> <span class='ocrx_word' id='word_1_22' title='bbox 1470 508 1645 609; x_wconf 67' lang='lat' dir='ltr'><em>Ambrosii,</em></span> <span class='ocrx_word' id='word_1_23' title='bbox 1677 514 1877 613; x_wconf 76' lang='lat' dir='ltr'><em>Augustini,</em></span> <span class='ocrx_word' id='word_1_24' title='bbox 1905 519 2087 617; x_wconf 75' lang='lat' dir='ltr'><em>Gregorii,</em></span> 
     </span>
    </p>

    <p class='ocr_par' dir='ltr' id='par_1_3' title="bbox 204 606 2105 809">
     <span class='ocr_line' id='line_1_3' title="bbox 204 606 2087 709; baseline 0.002 -28"><span class='ocrx_word' id='word_1_25' title='bbox 204 612 206 619; x_wconf 79' lang='grc'><strong>’</strong></span> <span class='ocrx_word' id='word_1_26' title='bbox 310 612 505 708; x_wconf 78' lang='lat' dir='ltr'><em>sentiarum</em></span> <span class='ocrx_word' id='word_1_27' title='bbox 513 609 613 706; x_wconf 75' lang='lat' dir='ltr'><em>senui</em></span> <span class='ocrx_word' id='word_1_28' title='bbox 633 612 837 693; x_wconf 75' lang='lat' dir='ltr'><em>interimere,</em></span> <span class='ocrx_word' id='word_1_29' title='bbox 868 620 926 679; x_wconf 88' lang='lat' dir='ltr'><em>out</em></span> <span class='ocrx_word' id='word_1_30' title='bbox 946 612 1023 704; x_wconf 85' lang='lat' dir='ltr'><em>quia</em></span> <span class='ocrx_word' id='word_1_31' title='bbox 1045 614 1085 680; x_wconf 84' lang='lat' dir='ltr'><em>ol</em></span> <span class='ocrx_word' id='word_1_32' title='bbox 1109 612 1183 703; x_wconf 77' lang='lat' dir='ltr'><em>ipss</em></span> <span class='ocrx_word' id='word_1_33' title='bbox 1230 606 1469 705; x_wconf 76' lang='lat' dir='ltr'><em>&#39;I&#39;ircopleylatii</em></span> <span class='ocrx_word' id='word_1_34' title='bbox 1498 608 1540 697; x_wconf 72' lang='lat'><em>&amp;</em></span> <span class='ocrx_word' id='word_1_35' title='bbox 1566 616 1717 686; x_wconf 83' lang='lat' dir='ltr'><em>otiorum.</em></span> <span class='ocrx_word' id='word_1_36' title='bbox 1777 615 1842 684; x_wconf 82' lang='lat' dir='ltr'><em>Sed</em></span> <span class='ocrx_word' id='word_1_37' title='bbox 1867 617 2015 709; x_wconf 82' lang='lat' dir='ltr'><em>patribue</em></span> <span class='ocrx_word' id='word_1_38' title='bbox 2040 620 2087 691; x_wconf 81' lang='lat' dir='ltr'><em>hio</em></span> 
     </span>
     <span class='ocr_line' id='line_1_4' title="bbox 319 692 2105 809; baseline 0.001 -26"><span class='ocrx_word' id='word_1_39' title='bbox 319 714 463 783; x_wconf 75' lang='lat' dir='ltr'><em>zizaniis</em></span> <span class='ocrx_word' id='word_1_40' title='bbox 478 709 702 809; x_wconf 71' lang='lat' dir='ltr'><em>uerifimileest</em></span> <span class='ocrx_word' id='word_1_41' title='bbox 718 705 833 779; x_wconf 84' lang='lat' dir='ltr'><em>multos</em></span> <span class='ocrx_word' id='word_1_42' title='bbox 847 711 880 778; x_wconf 92' lang='lat' dir='ltr'><em>in</em></span> <span class='ocrx_word' id='word_1_43' title='bbox 895 712 1035 779; x_wconf 84' lang='lat' dir='ltr'><em>triticam</em></span> <span class='ocrx_word' id='word_1_44' title='bbox 1051 733 1182 780; x_wconf 86' lang='lat' dir='ltr'><em>eonver-</em></span> <span class='ocrx_word' id='word_1_45' title='bbox 1225 712 1428 803; x_wconf 76' lang='lat' dir='ltr'><em>opponimus</em></span> <span class='ocrx_word' id='word_1_46' title='bbox 1440 710 1523 777; x_wconf 79' lang='lat' dir='ltr'><em>olias</em></span> <span class='ocrx_word' id='word_1_47' title='bbox 1534 730 1650 801; x_wconf 85' lang='lat' dir='ltr'><em>potres,</em></span> <span class='ocrx_word' id='word_1_48' title='bbox 1676 734 1821 805; x_wconf 82' lang='lat' dir='ltr'><em>quornm</em></span> <span class='ocrx_word' id='word_1_49' title='bbox 1831 714 1997 783; x_wconf 82' lang='lat' dir='ltr'><em>caleulum</em></span> <span class='ocrx_word' id='word_1_50' title='bbox 2008 692 2105 807; x_wconf 57' lang='lat' dir='ltr'><em>ipse!</em></span> 
     </span>
    </p>

    <p class='ocr_par' dir='ltr' id='par_1_4' title="bbox 318 804 2086 905">
     <span class='ocr_line' id='line_1_5' title="bbox 318 804 2086 905; baseline 0.001 -24"><span class='ocrx_word' id='word_1_51' title='bbox 318 817 441 881; x_wconf 82' lang='lat' dir='ltr'><em>tentas.</em></span> <span class='ocrx_word' id='word_1_52' title='bbox 493 812 625 905; x_wconf 88' lang='lat' dir='ltr'><em>Siergo</em></span> <span class='ocrx_word' id='word_1_53' title='bbox 637 804 1032 901; x_wconf 82' lang='lat' dir='ltr'><em>prevenienteccvciletir‚</em></span> <span class='ocrx_word' id='word_1_54' title='bbox 1057 809 1183 902; x_wconf 77' lang='lat' dir='ltr'><em>eoscu-</em></span> <span class='ocrx_word' id='word_1_55' title='bbox 1226 828 1295 877; x_wconf 88' lang='lat' dir='ltr'><em>tnet</em></span> <span class='ocrx_word' id='word_1_56' title='bbox 1313 807 1408 876; x_wconf 80' lang='lat' dir='ltr'><em>nobie</em></span> <span class='ocrx_word' id='word_1_57' title='bbox 1423 805 1596 897; x_wconf 77' lang='lat' dir='ltr'><em>roncelllr3</em></span> <span class='ocrx_word' id='word_1_58' title='bbox 1623 831 1686 877; x_wconf 83' lang='lat' dir='ltr'><em>neo</em></span> <span class='ocrx_word' id='word_1_59' title='bbox 1708 808 1779 895; x_wconf 88' lang='lat' dir='ltr'><em>illi,</em></span> <span class='ocrx_word' id='word_1_60' title='bbox 1803 815 1858 902; x_wconf 89' lang='lat' dir='ltr'><em>qni</em></span> <span class='ocrx_word' id='word_1_61' title='bbox 1880 835 1941 905; x_wconf 88' lang='lat' dir='ltr'><em>per</em></span> <span class='ocrx_word' id='word_1_62' title='bbox 1963 816 2086 885; x_wconf 74' lang='lat' dir='ltr'><em>zizanio</em></span> 
     </span>
    </p>

    <p class='ocr_par' dir='ltr' id='par_1_5' title="bbox 321 904 2088 1002">
     <span class='ocr_line' id='line_1_6' title="bbox 321 904 2088 1002; baseline 0.001 -23"><span class='ocrx_word' id='word_1_63' title='bbox 321 921 424 981; x_wconf 89' lang='lat' dir='ltr'><em>mento</em></span> <span class='ocrx_word' id='word_1_64' title='bbox 445 911 659 1001; x_wconf 80' lang='lat' dir='ltr'><em>deperibunt,</em></span> <span class='ocrx_word' id='word_1_65' title='bbox 689 925 757 1002; x_wconf 84' lang='lat' dir='ltr'><em>quc</em></span> <span class='ocrx_word' id='word_1_66' title='bbox 779 932 800 974; x_wconf 90' lang='lat' dir='ltr'><em>a</em></span> <span class='ocrx_word' id='word_1_67' title='bbox 825 910 1019 976; x_wconf 85' lang='lat' dir='ltr'><em>commutatis</em></span> <span class='ocrx_word' id='word_1_68' title='bbox 1040 909 1182 977; x_wconf 75' lang='lat' dir='ltr'><em>zizaniis</em></span> <span class='ocrx_word' id='word_1_69' title='bbox 1224 908 1369 977; x_wconf 87' lang='lat' dir='ltr'><em>rnaiasin</em></span> <span class='ocrx_word' id='word_1_70' title='bbox 1380 927 1499 997; x_wconf 75' lang='lat' dir='ltr'><em>genere</em></span> <span class='ocrx_word' id='word_1_71' title='bbox 1518 906 1726 1001; x_wconf 81' lang='lat' dir='ltr'><em>intelligunt,</em></span> <span class='ocrx_word' id='word_1_72' title='bbox 1754 904 1885 978; x_wconf 81' lang='lat' dir='ltr'><em>adverso</em></span> <span class='ocrx_word' id='word_1_73' title='bbox 1901 908 2019 979; x_wconf 84' lang='lat' dir='ltr'><em>fronte</em></span> <span class='ocrx_word' id='word_1_74' title='bbox 2030 935 2088 979; x_wconf 88' lang='lat' dir='ltr'><em>no·</em></span> 
     </span>
    </p>

    <p class='ocr_par' dir='ltr' id='par_1_6' title="bbox 317 1000 2129 1599">
     <span class='ocr_line' id='line_1_7' title="bbox 317 1000 2088 1104; baseline -0.001 -25"><span class='ocrx_word' id='word_1_75' title='bbox 317 1010 538 1104; x_wconf 84' lang='lat' dir='ltr'><em>provenirent.</em></span> <span class='ocrx_word' id='word_1_76' title='bbox 589 1008 670 1077; x_wconf 89' lang='lat' dir='ltr'><em>Non</em></span> <span class='ocrx_word' id='word_1_77' title='bbox 683 1005 830 1099; x_wconf 83' lang='lat' dir='ltr'><em>proicile&#39;rt</em></span> <span class='ocrx_word' id='word_1_78' title='bbox 846 1017 951 1073; x_wconf 88' lang='lat' dir='ltr'><em>autem</em></span> <span class='ocrx_word' id='word_1_79' title='bbox 967 1007 1180 1075; x_wconf 78' lang='lat' dir='ltr'><em>conciliabula</em></span> <span class='ocrx_word' id='word_1_80' title='bbox 1224 1003 1295 1073; x_wconf 85' lang='lat' dir='ltr'><em>llroe</em></span> <span class='ocrx_word' id='word_1_81' title='bbox 1319 1000 1518 1096; x_wconf 84' lang='lat' dir='ltr'><em>expolitioni</em></span> <span class='ocrx_word' id='word_1_82' title='bbox 1542 1026 1744 1099; x_wconf 76' lang='lat' dir='ltr'>repugnant,</span> <span class='ocrx_word' id='word_1_83' title='bbox 1768 1030 1845 1074; x_wconf 85' lang='lat' dir='ltr'><em>cunr</em></span> <span class='ocrx_word' id='word_1_84' title='bbox 1863 1008 2016 1077; x_wconf 75' lang='lat' dir='ltr'><em>liceretici</em></span> <span class='ocrx_word' id='word_1_85' title='bbox 2034 1003 2088 1079; x_wconf 78' lang='lat' dir='ltr'><em>lob</em></span> 
     </span>
     <span class='ocr_line' id='line_1_8' title="bbox 321 1102 2089 1199; baseline -0.003 -19"><span class='ocrx_word' id='word_1_86' title='bbox 321 1108 539 1180; x_wconf 75' lang='lat' dir='ltr'><em>hereticorum</em></span> <span class='ocrx_word' id='word_1_87' title='bbox 558 1107 727 1199; x_wconf 83' lang='lat' dir='ltr'><em>difflpore,</em></span> <span class='ocrx_word' id='word_1_88' title='bbox 753 1128 813 1172; x_wconf 89' lang='lat' dir='ltr'><em>ara</em></span> <span class='ocrx_word' id='word_1_89' title='bbox 835 1103 1018 1196; x_wconf 77' lang='lat' dir='ltr'><em>obstruere,</em></span> <span class='ocrx_word' id='word_1_90' title='bbox 1046 1105 1180 1173; x_wconf 83' lang='lat' dir='ltr'><em>liberto·</em></span> <span class='ocrx_word' id='word_1_91' title='bbox 1225 1104 1363 1171; x_wconf 83' lang='lat' dir='ltr'><em>nornine</em></span> <span class='ocrx_word' id='word_1_92' title='bbox 1389 1108 1423 1171; x_wconf 76' lang='lat' dir='ltr'><em>tir</em></span> <span class='ocrx_word' id='word_1_93' title='bbox 1440 1126 1583 1171; x_wconf 81' lang='lat' dir='ltr'><em>nurnero</em></span> <span class='ocrx_word' id='word_1_94' title='bbox 1605 1102 1771 1171; x_wconf 79' lang='lat' dir='ltr'><em>ctrolortnn</em></span> <span class='ocrx_word' id='word_1_95' title='bbox 1797 1102 2089 1199; x_wconf 79' lang='lat' dir='ltr'><em>comprehendan-</em></span> 
     </span>
     <span class='ocr_line' id='line_1_9' title="bbox 321 1199 2092 1300; baseline -0.001 -23"><span class='ocrx_word' id='word_1_96' title='bbox 321 1219 380 1277; x_wconf 90' lang='lat' dir='ltr'><em>tern</em></span> <span class='ocrx_word' id='word_1_97' title='bbox 403 1204 556 1300; x_wconf 77' lang='lat' dir='ltr'><em>loquendi</em></span> <span class='ocrx_word' id='word_1_98' title='bbox 580 1204 767 1279; x_wconf 77' lang='lat' dir='ltr'><em>concidere,</em></span> <span class='ocrx_word' id='word_1_99' title='bbox 801 1225 912 1272; x_wconf 88' lang='lat' dir='ltr'><em>verum</em></span> <span class='ocrx_word' id='word_1_100' title='bbox 937 1200 1118 1292; x_wconf 85' lang='lat' dir='ltr'><em>interficere</em></span> <span class='ocrx_word' id='word_1_101' title='bbox 1142 1224 1181 1272; x_wconf 93' lang='lat' dir='ltr'><em>ae</em></span> <span class='ocrx_word' id='word_1_102' title='bbox 1224 1219 1299 1283; x_wconf 80' lang='lat' dir='ltr'><em>tur,</em></span> <span class='ocrx_word' id='word_1_103' title='bbox 1325 1201 1479 1292; x_wconf 86' lang='lat' dir='ltr'><em>quininio</em></span> <span class='ocrx_word' id='word_1_104' title='bbox 1494 1200 1626 1293; x_wconf 81' lang='lat' dir='ltr'><em>qnidam</em></span> <span class='ocrx_word' id='word_1_105' title='bbox 1644 1224 1686 1269; x_wconf 84' lang='lat' dir='ltr'><em>ex</em></span> <span class='ocrx_word' id='word_1_106' title='bbox 1703 1201 1767 1271; x_wconf 91' lang='lat' dir='ltr'><em>illis</em></span> <span class='ocrx_word' id='word_1_107' title='bbox 1783 1199 1855 1296; x_wconf 84' lang='lat' dir='ltr'><em>iplis</em></span> <span class='ocrx_word' id='word_1_108' title='bbox 1868 1203 2092 1299; x_wconf 82' lang='lat' dir='ltr'><em>patribueno·</em></span> 
     </span>
     <span class='ocr_line' id='line_1_10' title="bbox 321 1293 2092 1398; baseline -0.001 -23"><span class='ocrx_word' id='word_1_109' title='bbox 321 1308 497 1375; x_wconf 83' lang='lat' dir='ltr'><em>trucidare.</em></span> <span class='ocrx_word' id='word_1_110' title='bbox 547 1301 590 1370; x_wconf 84' lang='lat' dir='ltr'><em>Et</em></span> <span class='ocrx_word' id='word_1_111' title='bbox 603 1299 731 1396; x_wconf 80' lang='lat' dir='ltr'><em>polleo:</em></span> <span class='ocrx_word' id='word_1_112' title='bbox 755 1306 954 1372; x_wconf 75' lang='lat' dir='ltr'><em>Parcendum</em></span> <span class='ocrx_word' id='word_1_113' title='bbox 971 1297 1028 1395; x_wconf 78' lang='lat' dir='ltr'><em>effe</em></span> <span class='ocrx_word' id='word_1_114' title='bbox 1043 1304 1182 1371; x_wconf 80' lang='lat' dir='ltr'><em>zizaniis</em></span> <span class='ocrx_word' id='word_1_115' title='bbox 1223 1293 1320 1367; x_wconf 82' lang='lat' dir='ltr'><em>llratn</em></span> <span class='ocrx_word' id='word_1_116' title='bbox 1341 1294 1586 1391; x_wconf 73' lang='lat' dir='ltr'><em>ampletlontnr</em></span> <span class='ocrx_word' id='word_1_117' title='bbox 1607 1296 1858 1390; x_wconf 85' lang='lat' dir='ltr'><em>expofitionetn.</em></span> <span class='ocrx_word' id='word_1_118' title='bbox 1893 1301 2092 1398; x_wconf 75' lang='lat' dir='ltr'><em>ntrgttllirtue</em></span> 
     </span>
     <span class='ocr_line' id='line_1_11' title="bbox 320 1394 2090 1498; baseline -0.002 -25"><span class='ocrx_word' id='word_1_119' title='bbox 320 1405 410 1487; x_wconf 83' lang='lat' dir='ltr'><em>dicit,</em></span> <span class='ocrx_word' id='word_1_120' title='bbox 424 1422 590 1498; x_wconf 80' lang='lat' dir='ltr'><em>quousque</em></span> <span class='ocrx_word' id='word_1_121' title='bbox 602 1424 669 1470; x_wconf 89' lang='lat' dir='ltr'><em>una</em></span> <span class='ocrx_word' id='word_1_122' title='bbox 681 1421 748 1468; x_wconf 87' lang='lat' dir='ltr'><em>rum</em></span> <span class='ocrx_word' id='word_1_123' title='bbox 759 1398 931 1477; x_wconf 77' lang='lat' dir='ltr'><em>frumentis</em></span> <span class='ocrx_word' id='word_1_124' title='bbox 946 1401 980 1469; x_wconf 90' lang='lat' dir='ltr'><em>in</em></span> <span class='ocrx_word' id='word_1_125' title='bbox 996 1398 1180 1495; x_wconf 86' lang='lat' dir='ltr'><em>agrasunt,</em></span> <span class='ocrx_word' id='word_1_126' title='bbox 1223 1400 1259 1465; x_wconf 90' lang='lat' dir='ltr'><em>in</em></span> <span class='ocrx_word' id='word_1_127' title='bbox 1279 1397 1334 1466; x_wconf 93' lang='lat' dir='ltr'><em>lib.</em></span> <span class='ocrx_word' id='word_1_128' title='bbox 1356 1394 1466 1487; x_wconf 64' lang='lat' dir='ltr'><em>cpuaell.</em></span> <span class='ocrx_word' id='word_1_129' title='bbox 1481 1419 1522 1463; x_wconf 89' lang='lat' dir='ltr'><em>ex</em></span> <span class='ocrx_word' id='word_1_130' title='bbox 1541 1396 1663 1468; x_wconf 77' lang='lat' dir='ltr'><em>Mattio.</em></span> <span class='ocrx_word' id='word_1_131' title='bbox 1680 1398 1753 1468; x_wconf 86' lang='lat' dir='ltr'><em>llll.</em></span> <span class='ocrx_word' id='word_1_132' title='bbox 1780 1403 1857 1470; x_wconf 82' lang='lat' dir='ltr'><em>Cum</em></span> <span class='ocrx_word' id='word_1_133' title='bbox 1872 1395 1932 1496; x_wconf 78' lang='lat' dir='ltr'><em>esse</em></span> <span class='ocrx_word' id='word_1_134' title='bbox 1953 1402 2090 1496; x_wconf 79' lang='lat' dir='ltr'><em>quisque</em></span> 
     </span>
     <span class='ocr_line' id='line_1_12' title="bbox 321 1490 2129 1599; baseline 0.003 -33"><span class='ocrx_word' id='word_1_135' title='bbox 321 1506 398 1599; x_wconf 77' lang='lat' dir='ltr'><em>quio</em></span> <span class='ocrx_word' id='word_1_136' title='bbox 414 1496 547 1595; x_wconf 76' lang='lat' dir='ltr'><em>posunt</em></span> <span class='ocrx_word' id='word_1_137' title='bbox 561 1500 595 1569; x_wconf 91' lang='lat' dir='ltr'><em>in</em></span> <span class='ocrx_word' id='word_1_138' title='bbox 603 1499 766 1593; x_wconf 83' lang='lat' dir='ltr'><em>frumenti</em></span> <span class='ocrx_word' id='word_1_139' title='bbox 775 1498 899 1591; x_wconf 82' lang='lat' dir='ltr'><em>statum</em></span> <span class='ocrx_word' id='word_1_140' title='bbox 913 1503 1110 1568; x_wconf 89' lang='lat' dir='ltr'><em>commutari.</em></span> <span class='ocrx_word' id='word_1_141' title='bbox 1145 1502 1183 1570; x_wconf 90' lang='lat' dir='ltr'><em>Si</em></span> <span class='ocrx_word' id='word_1_142' title='bbox 1213 1490 1405 1590; x_wconf 84' lang='lat' dir='ltr'><em>spiritualis</em></span> <span class='ocrx_word' id='word_1_143' title='bbox 1423 1497 1568 1583; x_wconf 64' lang='lat' dir='ltr'><em>cupierit,</em></span> <span class='ocrx_word' id='word_1_144' title='bbox 1595 1493 1759 1588; x_wconf 79' lang='lat' dir='ltr'><em>cognoscit</em></span> <span class='ocrx_word' id='word_1_145' title='bbox 1777 1518 1905 1569; x_wconf 86' lang='lat' dir='ltr'><em>errares</em></span> <span class='ocrx_word' id='word_1_146' title='bbox 1927 1498 2089 1571; x_wconf 75' lang='lat' dir='ltr'><em>lieretrca·</em></span> <span class='ocrx_word' id='word_1_147' title='bbox 2126 1512 2129 1517; x_wconf 85' lang='lat'>&#39;</span> 
     </span>
    </p>

    <p class='ocr_par' dir='ltr' id='par_1_7' title="bbox 240 1589 2091 2183">
     <span class='ocr_line' id='line_1_13' title="bbox 240 1589 2090 1691; baseline 0.002 -25"><span class='ocrx_word' id='word_1_148' title='bbox 240 1666 248 1674; x_wconf 81' lang='grc'>,</span> <span class='ocrx_word' id='word_1_149' title='bbox 323 1623 399 1673; x_wconf 86' lang='lat' dir='ltr'><em>vera</em></span> <span class='ocrx_word' id='word_1_150' title='bbox 423 1601 480 1669; x_wconf 85' lang='lat' dir='ltr'><em>iac</em></span> <span class='ocrx_word' id='word_1_151' title='bbox 495 1599 742 1689; x_wconf 82' lang='lat' dir='ltr'><em>longanimitate</em></span> <span class='ocrx_word' id='word_1_152' title='bbox 757 1598 889 1668; x_wconf 90' lang='lat' dir='ltr'><em>Domini</em></span> <span class='ocrx_word' id='word_1_153' title='bbox 911 1598 995 1666; x_wconf 76' lang='lat' dir='ltr'><em>nihii</em></span> <span class='ocrx_word' id='word_1_154' title='bbox 1009 1599 1185 1669; x_wconf 81' lang='lat' dir='ltr'><em>lucraban·</em></span> <span class='ocrx_word' id='word_1_155' title='bbox 1224 1617 1318 1677; x_wconf 78' lang='lat' dir='ltr'><em>rom,</em></span> <span class='ocrx_word' id='word_1_156' title='bbox 1360 1589 1407 1665; x_wconf 61' lang='grc'><em>89*</em></span> <span class='ocrx_word' id='word_1_157' title='bbox 1435 1596 1566 1662; x_wconf 85' lang='lat' dir='ltr'><em>otnccino</em></span> <span class='ocrx_word' id='word_1_158' title='bbox 1598 1596 1756 1684; x_wconf 73' lang='lat' dir='ltr'><em>dijudicet</em></span> <span class='ocrx_word' id='word_1_159' title='bbox 1783 1608 1882 1690; x_wconf 83' lang='lat' dir='ltr'><em>atque</em></span> <span class='ocrx_word' id='word_1_160' title='bbox 1915 1596 2090 1691; x_wconf 73' lang='lat' dir='ltr'><em>discernit,</em></span> 
     </span>
     <span class='ocr_line' id='line_1_14' title="bbox 322 1687 2090 1794; baseline 0.004 -35"><span class='ocrx_word' id='word_1_161' title='bbox 322 1710 379 1769; x_wconf 69' lang='lat' dir='ltr'><em>tar</em></span> <span class='ocrx_word' id='word_1_162' title='bbox 398 1697 440 1783; x_wconf 63' lang='grc'><em>65</em></span> <span class='ocrx_word' id='word_1_163' title='bbox 464 1693 662 1794; x_wconf 70' lang='lat' dir='ltr'><em>recesserint,</em></span> <span class='ocrx_word' id='word_1_164' title='bbox 696 1706 773 1763; x_wconf 88' lang='lat' dir='ltr'><em>tunc</em></span> <span class='ocrx_word' id='word_1_165' title='bbox 796 1698 990 1766; x_wconf 77' lang='lat' dir='ltr'><em>inevitabilis</em></span> <span class='ocrx_word' id='word_1_166' title='bbox 1011 1719 1106 1788; x_wconf 80' lang='lat' dir='ltr'><em>puna</em></span> <span class='ocrx_word' id='word_1_167' title='bbox 1131 1720 1185 1766; x_wconf 90' lang='lat' dir='ltr'><em>eos</em></span> <span class='ocrx_word' id='word_1_168' title='bbox 1227 1687 1387 1787; x_wconf 74' lang='lat' dir='ltr'><em>quiitquia</em></span> <span class='ocrx_word' id='word_1_169' title='bbox 1407 1696 1551 1761; x_wconf 86' lang='lat' dir='ltr'><em>ouaierit</em></span> <span class='ocrx_word' id='word_1_170' title='bbox 1566 1707 1624 1761; x_wconf 88' lang='lat' dir='ltr'><em>aut</em></span> <span class='ocrx_word' id='word_1_171' title='bbox 1640 1692 1772 1786; x_wconf 81' lang='lat' dir='ltr'><em>legerit,</em></span> <span class='ocrx_word' id='word_1_172' title='bbox 1796 1694 1976 1768; x_wconf 75' lang='lat' dir='ltr'><em>abliorrere</em></span> <span class='ocrx_word' id='word_1_173' title='bbox 1999 1720 2090 1767; x_wconf 80' lang='lat' dir='ltr'><em>ore.</em></span> 
     </span>
     <span class='ocr_line' id='line_1_15' title="bbox 321 1787 2088 1891; baseline -0.002 -23"><span class='ocrx_word' id='word_1_174' title='bbox 321 1792 499 1891; x_wconf 80' lang='lat' dir='ltr'><em>ueceffaria</em></span> <span class='ocrx_word' id='word_1_175' title='bbox 513 1797 656 1886; x_wconf 79' lang='lat' dir='ltr'><em>excipiet.</em></span> <span class='ocrx_word' id='word_1_176' title='bbox 679 1787 913 1885; x_wconf 74' lang='lat' dir='ltr'><em>chrysologus</em></span> <span class='ocrx_word' id='word_1_177' title='bbox 933 1789 1185 1866; x_wconf 82' lang='lat' dir='ltr'><em>lerrn.LXXlX.</em></span> <span class='ocrx_word' id='word_1_178' title='bbox 1223 1792 1304 1885; x_wconf 86' lang='lat' dir='ltr'><em>guia</em></span> <span class='ocrx_word' id='word_1_179' title='bbox 1327 1793 1483 1860; x_wconf 84' lang='lat' dir='ltr'><em>ueritatir.</em></span> <span class='ocrx_word' id='word_1_180' title='bbox 1532 1790 1681 1859; x_wconf 80' lang='lat' dir='ltr'><em>lbtdetn:</em></span> <span class='ocrx_word' id='word_1_181' title='bbox 1709 1798 1823 1862; x_wconf 90' lang='lat' dir='ltr'><em>Donec</em></span> <span class='ocrx_word' id='word_1_182' title='bbox 1842 1797 1916 1889; x_wconf 80' lang='lat' dir='ltr'><em>qais</em></span> <span class='ocrx_word' id='word_1_183' title='bbox 1932 1800 1967 1868; x_wconf 88' lang='lat' dir='ltr'><em>in</em></span> <span class='ocrx_word' id='word_1_184' title='bbox 1978 1795 2088 1887; x_wconf 88' lang='lat' dir='ltr'><em>spiri·</em></span> 
     </span>
     <span class='ocr_line' id='line_1_16' title="bbox 322 1883 2091 1986; baseline -0.001 -20"><span class='ocrx_word' id='word_1_185' title='bbox 322 1895 523 1973; x_wconf 61' lang='lat' dir='ltr'><em>&amp;zizaniis</em></span> <span class='ocrx_word' id='word_1_186' title='bbox 542 1892 606 1966; x_wconf 88' lang='lat' dir='ltr'><em>Dei</em></span> <span class='ocrx_word' id='word_1_187' title='bbox 629 1892 776 1984; x_wconf 86' lang='lat' dir='ltr'><em>patentia</em></span> <span class='ocrx_word' id='word_1_188' title='bbox 798 1914 866 1962; x_wconf 90' lang='lat' dir='ltr'><em>nan</em></span> <span class='ocrx_word' id='word_1_189' title='bbox 879 1893 1096 1986; x_wconf 82' lang='lat' dir='ltr'><em>subveniret,</em></span> <span class='ocrx_word' id='word_1_190' title='bbox 1127 1914 1185 1962; x_wconf 90' lang='lat' dir='ltr'><em>ner</em></span> <span class='ocrx_word' id='word_1_191' title='bbox 1225 1889 1369 1959; x_wconf 78' lang='lat' dir='ltr'><em>tualibus</em></span> <span class='ocrx_word' id='word_1_192' title='bbox 1389 1888 1601 1979; x_wconf 65' lang='lat' dir='ltr'><em>perficiatur,</em></span> <span class='ocrx_word' id='word_1_193' title='bbox 1633 1883 1680 1959; x_wconf 66' lang='grc' dir='ltr'><em>δ’</em></span> <span class='ocrx_word' id='word_1_194' title='bbox 1696 1898 1929 1982; x_wconf 77' lang='lat' dir='ltr'><em>quodammado</em></span> <span class='ocrx_word' id='word_1_195' title='bbox 1952 1908 2091 1963; x_wconf 84' lang='lat' dir='ltr'><em>mature·</em></span> 
     </span>
     <span class='ocr_line' id='line_1_17' title="bbox 321 1982 2088 2085; baseline 0.005 -23"><span class='ocrx_word' id='word_1_196' title='bbox 321 1992 561 2070; x_wconf 74' lang='lat' dir='ltr'><em>Mattheumcie</em></span> <span class='ocrx_word' id='word_1_197' title='bbox 573 1988 1003 2085; x_wconf 81' lang='lat' dir='ltr'><em>publicanaeoangeiisiam,</em></span> <span class='ocrx_word' id='word_1_198' title='bbox 1028 1992 1185 2063; x_wconf 87' lang='lat' dir='ltr'><em>necPao·</em></span> <span class='ocrx_word' id='word_1_199' title='bbox 1216 1982 1516 2081; x_wconf 71' lang='lat' dir='ltr'><em>scatinsrufiurn,</em></span> <span class='ocrx_word' id='word_1_200' title='bbox 1545 2008 1635 2079; x_wconf 81' lang='lat' dir='ltr'><em>quem</em></span> <span class='ocrx_word' id='word_1_201' title='bbox 1651 1986 1750 2057; x_wconf 72' lang='lat' dir='ltr'><em>icitia</em></span> <span class='ocrx_word' id='word_1_202' title='bbox 1770 1992 1877 2069; x_wconf 72' lang='lat' dir='ltr'><em>arcte,</em></span> <span class='ocrx_word' id='word_1_203' title='bbox 1898 1992 2088 2085; x_wconf 67' lang='lat' dir='ltr'><em>potestur!</em></span> 
     </span>
     <span class='ocr_line' id='line_1_18' title="bbox 320 2082 2089 2183; baseline -0.001 -20"><span class='ocrx_word' id='word_1_204' title='bbox 320 2092 386 2164; x_wconf 86' lang='lat' dir='ltr'><em>item</em></span> <span class='ocrx_word' id='word_1_205' title='bbox 408 2096 448 2161; x_wconf 80' lang='lat' dir='ltr'><em>ae</em></span> <span class='ocrx_word' id='word_1_206' title='bbox 472 2088 673 2183; x_wconf 71' lang='lat' dir='ltr'><em>persecutore</em></span> <span class='ocrx_word' id='word_1_207' title='bbox 699 2086 879 2181; x_wconf 80' lang='lat' dir='ltr'><em>apostolatu</em></span> <span class='ocrx_word' id='word_1_208' title='bbox 905 2085 1030 2183; x_wconf 79' lang='lat' dir='ltr'><em>ecclesa</em></span> <span class='ocrx_word' id='word_1_209' title='bbox 1051 2090 1184 2182; x_wconf 83' lang='lat' dir='ltr'><em>poffide-</em></span> <span class='ocrx_word' id='word_1_210' title='bbox 1226 2106 1371 2167; x_wconf 87' lang='lat' dir='ltr'><em>mouere,</em></span> <span class='ocrx_word' id='word_1_211' title='bbox 1396 2082 1573 2180; x_wconf 81' lang='lat' dir='ltr'><em>quaresotr</em></span> <span class='ocrx_word' id='word_1_212' title='bbox 1590 2091 1716 2157; x_wconf 82' lang='lat' dir='ltr'><em>nornine</em></span> <span class='ocrx_word' id='word_1_213' title='bbox 1734 2086 1911 2179; x_wconf 74' lang='lat' dir='ltr'><em>christiana</em></span> <span class='ocrx_word' id='word_1_214' title='bbox 1931 2103 1998 2160; x_wconf 81' lang='lat' dir='ltr'><em>tom</em></span> <span class='ocrx_word' id='word_1_215' title='bbox 2011 2090 2089 2163; x_wconf 81' lang='lat' dir='ltr'><em>nol·</em></span> 
     </span>
    </p>

    <p class='ocr_par' dir='ltr' id='par_1_8' title="bbox 319 2180 2089 2478">
     <span class='ocr_line' id='line_1_19' title="bbox 321 2180 2086 2281; baseline 0 -21"><span class='ocrx_word' id='word_1_216' title='bbox 321 2200 382 2263; x_wconf 85' lang='lat' dir='ltr'><em>ret.</em></span> <span class='ocrx_word' id='word_1_217' title='bbox 432 2180 667 2279; x_wconf 80' lang='lat' dir='ltr'><em>Chrylollonti</em></span> <span class='ocrx_word' id='word_1_218' title='bbox 695 2185 950 2278; x_wconf 73' lang='lat' dir='ltr'><em>explicationem</em></span> <span class='ocrx_word' id='word_1_219' title='bbox 978 2183 1124 2281; x_wconf 86' lang='lat' dir='ltr'><em>sequitur</em></span> <span class='ocrx_word' id='word_1_220' title='bbox 1150 2184 1182 2260; x_wconf 88' lang='lat' dir='ltr'><em>b.</em></span> <span class='ocrx_word' id='word_1_221' title='bbox 1225 2196 1264 2256; x_wconf 83' lang='lat' dir='ltr'><em>tae</em></span> <span class='ocrx_word' id='word_1_222' title='bbox 1288 2182 1501 2255; x_wconf 75' lang='lat' dir='ltr'><em>hereticorum</em></span> <span class='ocrx_word' id='word_1_223' title='bbox 1524 2181 1705 2273; x_wconf 78' lang='lat' dir='ltr'><em>exstiterint</em></span> <span class='ocrx_word' id='word_1_224' title='bbox 1720 2187 1906 2279; x_wconf 68' lang='lat' dir='ltr'><em>falsitates,</em></span> <span class='ocrx_word' id='word_1_225' title='bbox 1923 2180 2011 2261; x_wconf 70' lang='lat' dir='ltr'><em>&#39;tuae</em></span> <span class='ocrx_word' id='word_1_226' title='bbox 2027 2188 2086 2277; x_wconf 65' lang='lat' dir='ltr'><em>es,</em></span> 
     </span>
     <span class='ocr_line' id='line_1_20' title="bbox 319 2279 2089 2457; baseline -0.001 -98"><span class='ocrx_word' id='word_1_227' title='bbox 319 2286 486 2359; x_wconf 83' lang='lat' dir='ltr'><em>Lutheruo</em></span> <span class='ocrx_word' id='word_1_228' title='bbox 512 2281 624 2363; x_wconf 83' lang='lat' dir='ltr'><em>noller</em></span> <span class='ocrx_word' id='word_1_229' title='bbox 643 2289 678 2354; x_wconf 90' lang='lat' dir='ltr'><em>in</em></span> <span class='ocrx_word' id='word_1_230' title='bbox 700 2279 906 2377; x_wconf 80' lang='lat' dir='ltr'><em>expositione</em></span> <span class='ocrx_word' id='word_1_231' title='bbox 930 2284 1026 2375; x_wconf 78' lang='lat' dir='ltr'><em>liujus</em></span> <span class='ocrx_word' id='word_1_232' title='bbox 1045 2283 1183 2378; x_wconf 86' lang='lat' dir='ltr'><em>parabo·</em></span> <span class='ocrx_word' id='word_1_233' title='bbox 1225 2279 1419 2377; x_wconf 81' lang='lat' dir='ltr'><em>quodferoi</em></span> <span class='ocrx_word' id='word_1_234' title='bbox 1436 2286 1568 2351; x_wconf 74' lang='lat' dir='ltr'><em>dicunt:</em></span> <span class='ocrx_word' id='word_1_235' title='bbox 1596 2284 1718 2353; x_wconf 87' lang='lat' dir='ltr'><em>Nonne</em></span> <span class='ocrx_word' id='word_1_236' title='bbox 1738 2288 1853 2356; x_wconf 81' lang='lat' dir='ltr'><em>bonum</em></span> <span class='ocrx_word' id='word_1_237' title='bbox 1865 2286 1981 2377; x_wconf 81' lang='lat' dir='ltr'><em>semem</em></span> <span class='ocrx_word' id='word_1_238' title='bbox 1991 2286 2089 2457; x_wconf 57' lang='lat' dir='ltr'><em>pteri-</em></span> 
     </span>
     <span class='ocr_line' id='line_1_21' title="bbox 320 2376 2089 2478; baseline 0 -23"><span class='ocrx_word' id='word_1_239' title='bbox 320 2382 379 2455; x_wconf 76' lang='lat' dir='ltr'><em>lae:</em></span> <span class='ocrx_word' id='word_1_240' title='bbox 406 2394 584 2469; x_wconf 72' lang='lat' dir='ltr'><em>Doctrinae,</em></span> <span class='ocrx_word' id='word_1_241' title='bbox 608 2381 776 2474; x_wconf 69' lang='lat' dir='ltr'><em>(inquit)</em></span> <span class='ocrx_word' id='word_1_242' title='bbox 808 2386 967 2475; x_wconf 76' lang='lat' dir='ltr'><em>quarrata</em></span> <span class='ocrx_word' id='word_1_243' title='bbox 991 2404 1049 2452; x_wconf 90' lang='lat' dir='ltr'><em>nar</em></span> <span class='ocrx_word' id='word_1_244' title='bbox 1066 2405 1182 2478; x_wconf 85' lang='lat' dir='ltr'><em>gerere</em></span> <span class='ocrx_word' id='word_1_245' title='bbox 1224 2380 1320 2473; x_wconf 80' lang='lat' dir='ltr'><em>nosti,</em></span> <span class='ocrx_word' id='word_1_246' title='bbox 1335 2376 1406 2451; x_wconf 77' lang='lat' dir='ltr'><em>&amp;n</em></span> <span class='ocrx_word' id='word_1_247' title='bbox 1456 2379 1494 2449; x_wconf 89' lang='lat' dir='ltr'>T</span> <span class='ocrx_word' id='word_1_248' title='bbox 1497 2380 1736 2473; x_wconf 83' lang='lat' dir='ltr'><em>neophylotlus</em></span> <span class='ocrx_word' id='word_1_249' title='bbox 1754 2385 1788 2452; x_wconf 90' lang='lat' dir='ltr'><em>in</em></span> <span class='ocrx_word' id='word_1_250' title='bbox 1804 2389 1974 2458; x_wconf 72' lang='lat' dir='ltr'><em>:utitinh</em></span> <span class='ocrx_word' id='word_1_251' title='bbox 2007 2385 2089 2457; x_wconf 77' lang='lat' dir='ltr'><em>,Zi-</em></span> 
     </span>
    </p>

    <p class='ocr_par' dir='ltr' id='par_1_9' title="bbox 272 2472 2096 2775">
     <span class='ocr_line' id='line_1_22' title="bbox 272 2472 2089 2578; baseline 0.002 -24"><span class='ocrx_word' id='word_1_252' title='bbox 272 2562 275 2569; x_wconf 47' lang='grc'><strong>,</strong></span> <span class='ocrx_word' id='word_1_253' title='bbox 320 2487 488 2554; x_wconf 77' lang='lat' dir='ltr'><em>deleamur</em></span> <span class='ocrx_word' id='word_1_254' title='bbox 503 2481 659 2577; x_wconf 80' lang='lat' dir='ltr'><em>aduersos</em></span> <span class='ocrx_word' id='word_1_255' title='bbox 677 2480 857 2566; x_wconf 71' lang='lat' dir='ltr'><em>hereticos,</em></span> <span class='ocrx_word' id='word_1_256' title='bbox 877 2505 947 2551; x_wconf 85' lang='lat' dir='ltr'><em>nan</em></span> <span class='ocrx_word' id='word_1_257' title='bbox 963 2483 1044 2551; x_wconf 85' lang='lat' dir='ltr'><em>enim</em></span> <span class='ocrx_word' id='word_1_258' title='bbox 1061 2504 1182 2577; x_wconf 82' lang='lat' dir='ltr'><em>cosex·</em></span> <span class='ocrx_word' id='word_1_259' title='bbox 1224 2478 1418 2573; x_wconf 72' lang='lat' dir='ltr'><em>noniesicnt</em></span> <span class='ocrx_word' id='word_1_260' title='bbox 1438 2472 1568 2567; x_wconf 77' lang='lat' dir='ltr'><em>hereses</em></span> <span class='ocrx_word' id='word_1_261' title='bbox 1583 2480 1634 2548; x_wconf 86' lang='lat' dir='ltr'><em>oet</em></span> <span class='ocrx_word' id='word_1_262' title='bbox 1647 2483 1734 2549; x_wconf 82' lang='lat' dir='ltr'><em>maie</em></span> <span class='ocrx_word' id='word_1_263' title='bbox 1751 2486 1973 2578; x_wconf 68' lang='lat' dir='ltr'><em>cogitationen</em></span> <span class='ocrx_word' id='word_1_264' title='bbox 2013 2493 2089 2559; x_wconf 81' lang='lat' dir='ltr'><em>Ser·</em></span> 
     </span>
     <span class='ocr_line' id='line_1_23' title="bbox 313 2576 2096 2775; baseline 0 -23"><span class='ocrx_word' id='word_1_265' title='bbox 313 2576 1181 2775; x_wconf 62' lang='lat' dir='ltr'><em>littl‘tttitfs‘lltt„tt“tetttl‘s&#39;lt</em></span> <span class='ocrx_word' id='word_1_266' title='bbox 1225 2576 1504 2749; x_wconf 73' lang='lat' dir='ltr'><em>littlltltle</em></span> <span class='ocrx_word' id='word_1_267' title='bbox 1528 2578 2096 2767; x_wconf 65' lang='lat' dir='ltr'><em>tltlttlltttl‘tt‘n&#39;</em></span> 
     </span>
    </p>

    <p class='ocr_par' dir='ltr' id='par_1_10' title="bbox 605 2726 1655 2760">
     <span class='ocr_line' id='line_1_24' title="bbox 605 2726 1655 2760; baseline 0.012 -13"><span class='ocrx_word' id='word_1_268' title='bbox 605 2729 614 2747; x_wconf 82' lang='grc' dir='ltr'><strong><em>ο</em></strong></span> <span class='ocrx_word' id='word_1_269' title='bbox 1643 2726 1655 2760; x_wconf 71' lang='lat'>9</span> 
     </span>
    </p>

    <p class='ocr_par' dir='ltr' id='par_1_11' title="bbox 319 2700 2090 2877">
     <span class='ocr_line' id='line_1_25' title="bbox 319 2700 2090 2877; baseline 0.001 -26"><span class='ocrx_word' id='word_1_270' title='bbox 319 2777 418 2851; x_wconf 80' lang='lat' dir='ltr'><em>rerba</em></span> <span class='ocrx_word' id='word_1_271' title='bbox 439 2781 503 2852; x_wconf 89' lang='lat' dir='ltr'><em>Dei</em></span> <span class='ocrx_word' id='word_1_272' title='bbox 524 2788 642 2848; x_wconf 87' lang='lat' dir='ltr'><em>cantra</em></span> <span class='ocrx_word' id='word_1_273' title='bbox 669 2771 756 2865; x_wconf 85' lang='lat' dir='ltr'><em>ipsas</em></span> <span class='ocrx_word' id='word_1_274' title='bbox 781 2700 942 2869; x_wconf 77' lang='lat' dir='ltr'><em>ageirdum</em></span> <span class='ocrx_word' id='word_1_275' title='bbox 961 2733 1103 2864; x_wconf 77' lang='lat' dir='ltr'><em>¹duceni,</em></span> <span class='ocrx_word' id='word_1_276' title='bbox 1133 2780 1181 2848; x_wconf 89' lang='lat' dir='ltr'><em>ita</em></span> <span class='ocrx_word' id='word_1_277' title='bbox 1226 2776 1409 2871; x_wconf 81' lang='lat' dir='ltr'><em>exscindere</em></span> <span class='ocrx_word' id='word_1_278' title='bbox 1425 2796 1466 2843; x_wconf 82' lang='lat' dir='ltr'><em>err</em></span> <span class='ocrx_word' id='word_1_279' title='bbox 1480 2776 1539 2844; x_wconf 85' lang='lat' dir='ltr'><em>trae</em></span> <span class='ocrx_word' id='word_1_280' title='bbox 1557 2777 1625 2845; x_wconf 87' lang='lat' dir='ltr'><em>uita</em></span> <span class='ocrx_word' id='word_1_281' title='bbox 1648 2773 1807 2847; x_wconf 73' lang='lat' dir='ltr'><em>hereticas</em></span> <span class='ocrx_word' id='word_1_282' title='bbox 1830 2780 1873 2864; x_wconf 57' lang='grc' dir='ltr'>ὅ</span> <span class='ocrx_word' id='word_1_283' title='bbox 1898 2782 1985 2851; x_wconf 83' lang='lat' dir='ltr'><em>maio</em></span> <span class='ocrx_word' id='word_1_284' title='bbox 2001 2780 2090 2877; x_wconf 82' lang='lat' dir='ltr'><em>eagi-</em></span> 
     </span>
    </p>

    <p class='ocr_par' dir='ltr' id='par_1_12' title="bbox 236 2871 2129 3266">
     <span class='ocr_line' id='line_1_26' title="bbox 236 2871 2090 2970; baseline 0.001 -22"><span class='ocrx_word' id='word_1_285' title='bbox 236 2959 238 2963; x_wconf 81' lang='lat'>.</span> <span class='ocrx_word' id='word_1_286' title='bbox 320 2878 405 2948; x_wconf 84' lang='lat' dir='ltr'><em>enim</em></span> <span class='ocrx_word' id='word_1_287' title='bbox 425 2875 485 2947; x_wconf 83' lang='lat' dir='ltr'><em>irae</em></span> <span class='ocrx_word' id='word_1_288' title='bbox 504 2876 539 2948; x_wconf 86' lang='lat' dir='ltr'><em>irc</em></span> <span class='ocrx_word' id='word_1_289' title='bbox 561 2896 596 2947; x_wconf 88' lang='lat' dir='ltr'><em>re</em></span> <span class='ocrx_word' id='word_1_290' title='bbox 615 2876 747 2945; x_wconf 87' lang='lat' dir='ltr'><em>evenire</em></span> <span class='ocrx_word' id='word_1_291' title='bbox 756 2871 863 2967; x_wconf 89' lang='lat' dir='ltr'><em>salet,</em></span> <span class='ocrx_word' id='word_1_292' title='bbox 887 2885 927 2947; x_wconf 89' lang='lat' dir='ltr'><em>ut</em></span> <span class='ocrx_word' id='word_1_293' title='bbox 941 2877 999 2970; x_wconf 80' lang='lat' dir='ltr'><em>qui</em></span> <span class='ocrx_word' id='word_1_294' title='bbox 1019 2875 1113 2947; x_wconf 78' lang='lat' dir='ltr'><em>teate</em></span> <span class='ocrx_word' id='word_1_295' title='bbox 1126 2899 1180 2947; x_wconf 91' lang='lat' dir='ltr'><em>er·</em></span> <span class='ocrx_word' id='word_1_296' title='bbox 1224 2886 1344 2948; x_wconf 85' lang='lat' dir='ltr'><em>tontes.</em></span> <span class='ocrx_word' id='word_1_297' title='bbox 1400 2880 1493 2947; x_wconf 90' lang='lat' dir='ltr'><em>Deus</em></span> <span class='ocrx_word' id='word_1_298' title='bbox 1524 2886 1628 2944; x_wconf 85' lang='lat' dir='ltr'><em>nutem</em></span> <span class='ocrx_word' id='word_1_299' title='bbox 1647 2898 1716 2945; x_wconf 89' lang='lat' dir='ltr'><em>non</em></span> <span class='ocrx_word' id='word_1_300' title='bbox 1741 2880 1906 2969; x_wconf 87' lang='lat' dir='ltr'><em>permittit</em></span> <span class='ocrx_word' id='word_1_301' title='bbox 1933 2878 2090 2950; x_wconf 68' lang='lat' dir='ltr'><em>hereticae</em></span> 
     </span>
     <span class='ocr_line' id='line_1_27' title="bbox 319 2970 2128 3071; baseline 0.002 -26"><span class='ocrx_word' id='word_1_302' title='bbox 319 2987 388 3063; x_wconf 87' lang='lat' dir='ltr'><em>ret,</em></span> <span class='ocrx_word' id='word_1_303' title='bbox 412 2972 865 3068; x_wconf 78' lang='lat' dir='ltr'><em>craspoffitinniamreciirr,</em></span> <span class='ocrx_word' id='word_1_304' title='bbox 919 2976 1008 3067; x_wconf 82' lang='lat' dir='ltr'><em>Quis</em></span> <span class='ocrx_word' id='word_1_305' title='bbox 1026 2978 1179 3045; x_wconf 89' lang='lat' dir='ltr'><em>enimno-</em></span> <span class='ocrx_word' id='word_1_306' title='bbox 1227 2970 1316 3043; x_wconf 76' lang='lat' dir='ltr'><em>tetis</em></span> <span class='ocrx_word' id='word_1_307' title='bbox 1335 2972 1498 3064; x_wconf 87' lang='lat' dir='ltr'><em>eansrcmi,</em></span> <span class='ocrx_word' id='word_1_308' title='bbox 1531 2995 1574 3042; x_wconf 91' lang='lat' dir='ltr'><em>ne</em></span> <span class='ocrx_word' id='word_1_309' title='bbox 1589 2971 1684 3066; x_wconf 70' lang='lat' dir='ltr'><em>smol</em></span> <span class='ocrx_word' id='word_1_310' title='bbox 1700 2981 1874 3066; x_wconf 86' lang='lat' dir='ltr'><em>potiantur</em></span> <span class='ocrx_word' id='word_1_311' title='bbox 1896 2976 2089 3071; x_wconf 73' lang='lat' dir='ltr'><em>caesenae·</em></span> <span class='ocrx_word' id='word_1_312' title='bbox 2123 2990 2128 2997; x_wconf 91' lang='lat'>&#39;</span> 
     </span>
     <span class='ocr_line' id='line_1_28' title="bbox 320 3069 2091 3171; baseline 0.001 -28"><span class='ocrx_word' id='word_1_313' title='bbox 320 3077 391 3148; x_wconf 85' lang='lat' dir='ltr'><em>uit,</em></span> <span class='ocrx_word' id='word_1_314' title='bbox 417 3078 548 3169; x_wconf 83' lang='lat' dir='ltr'><em>quanda</em></span> <span class='ocrx_word' id='word_1_315' title='bbox 571 3072 637 3143; x_wconf 86' lang='lat' dir='ltr'><em>Dei</em></span> <span class='ocrx_word' id='word_1_316' title='bbox 662 3071 793 3139; x_wconf 80' lang='lat' dir='ltr'><em>nerium</em></span> <span class='ocrx_word' id='word_1_317' title='bbox 817 3093 873 3139; x_wconf 94' lang='lat' dir='ltr'><em>eor</em></span> <span class='ocrx_word' id='word_1_318' title='bbox 895 3074 1047 3167; x_wconf 77' lang='lat' dir='ltr'><em>cujusque</em></span> <span class='ocrx_word' id='word_1_319' title='bbox 1058 3074 1102 3168; x_wconf 83' lang='lat' dir='ltr'><em>st</em></span> <span class='ocrx_word' id='word_1_320' title='bbox 1120 3075 1180 3141; x_wconf 83' lang='lat' dir='ltr'><em>ati·</em></span> <span class='ocrx_word' id='word_1_321' title='bbox 1225 3069 1509 3165; x_wconf 74' lang='lat' dir='ltr'><em>turqae&amp;jusli.</em></span> <span class='ocrx_word' id='word_1_322' title='bbox 1557 3072 1714 3144; x_wconf 80' lang='lat' dir='ltr'><em>Similiter</em></span> <span class='ocrx_word' id='word_1_323' title='bbox 1729 3098 1832 3171; x_wconf 83' lang='lat' dir='ltr'><em>neque</em></span> <span class='ocrx_word' id='word_1_324' title='bbox 1847 3078 2091 3169; x_wconf 85' lang='lat' dir='ltr'><em>proptercol·</em></span> 
     </span>
     <span class='ocr_line' id='line_1_29' title="bbox 318 3165 2129 3266; baseline 0.001 -23"><span class='ocrx_word' id='word_1_325' title='bbox 318 3168 523 3245; x_wconf 74' lang='lat' dir='ltr'><em>trutinarum?</em></span> <span class='ocrx_word' id='word_1_326' title='bbox 541 3172 569 3266; x_wconf 79' lang='lat' dir='ltr'><em>s</em></span> <span class='ocrx_word' id='word_1_327' title='bbox 585 3177 690 3236; x_wconf 89' lang='lat' dir='ltr'><em>autem</em></span> <span class='ocrx_word' id='word_1_328' title='bbox 707 3179 887 3252; x_wconf 81' lang='lat' dir='ltr'><em>exorator,</em></span> <span class='ocrx_word' id='word_1_329' title='bbox 912 3170 964 3239; x_wconf 89' lang='lat' dir='ltr'><em>nel</em></span> <span class='ocrx_word' id='word_1_330' title='bbox 981 3172 1065 3239; x_wconf 88' lang='lat' dir='ltr'><em>alios</em></span> <span class='ocrx_word' id='word_1_331' title='bbox 1084 3165 1182 3241; x_wconf 87' lang='lat' dir='ltr'><em>talla·</em></span> <span class='ocrx_word' id='word_1_332' title='bbox 1225 3172 1366 3241; x_wconf 80' lang='lat' dir='ltr'><em>tationes</em></span> <span class='ocrx_word' id='word_1_333' title='bbox 1396 3170 1467 3239; x_wconf 86' lang='lat' dir='ltr'><em>uate</em></span> <span class='ocrx_word' id='word_1_334' title='bbox 1488 3170 1583 3240; x_wconf 89' lang='lat' dir='ltr'><em>Deus</em></span> <span class='ocrx_word' id='word_1_335' title='bbox 1606 3171 1749 3262; x_wconf 77' lang='lat' dir='ltr'><em>exscindi</em></span> <span class='ocrx_word' id='word_1_336' title='bbox 1771 3175 1947 3261; x_wconf 76' lang='lat' dir='ltr'><em>tranium,</em></span> <span class='ocrx_word' id='word_1_337' title='bbox 1978 3198 2022 3247; x_wconf 83' lang='lat' dir='ltr'><em>cre</em></span> <span class='ocrx_word' id='word_1_338' title='bbox 2122 3216 2129 3245; x_wconf 70' lang='lat' dir='ltr'><em>c</em></span> 
     </span>
    </p>

    <p class='ocr_par' dir='ltr' id='par_1_13' title="bbox 319 3261 2054 3369">
     <span class='ocr_line' id='line_1_30' title="bbox 319 3261 2054 3369; baseline 0.004 -31"><span class='ocrx_word' id='word_1_339' title='bbox 319 3280 397 3348; x_wconf 85' lang='lat' dir='ltr'><em>tur,</em></span> <span class='ocrx_word' id='word_1_340' title='bbox 422 3279 503 3339; x_wconf 88' lang='lat' dir='ltr'><em>certe</em></span> <span class='ocrx_word' id='word_1_341' title='bbox 516 3267 709 3359; x_wconf 83' lang='lat' dir='ltr'><em>impeditur,</em></span> <span class='ocrx_word' id='word_1_342' title='bbox 733 3286 773 3334; x_wconf 90' lang='lat' dir='ltr'><em>nr</em></span> <span class='ocrx_word' id='word_1_343' title='bbox 781 3264 876 3358; x_wconf 84' lang='lat' dir='ltr'><em>paffit</em></span> <span class='ocrx_word' id='word_1_344' title='bbox 896 3266 934 3338; x_wconf 87' lang='lat' dir='ltr'><em>in</em></span> <span class='ocrx_word' id='word_1_345' title='bbox 955 3268 1040 3339; x_wconf 86' lang='lat' dir='ltr'><em>viam</em></span> <span class='ocrx_word' id='word_1_346' title='bbox 1057 3272 1179 3356; x_wconf 77' lang='lat' dir='ltr'><em>reduci,</em></span> <span class='ocrx_word' id='word_1_347' title='bbox 1224 3261 1460 3362; x_wconf 74' lang='lat' dir='ltr'><em>triticarsnrul</em></span> <span class='ocrx_word' id='word_1_348' title='bbox 1474 3282 1722 3361; x_wconf 72' lang='lat' dir='ltr'><em>corrumpatur,</em></span> <span class='ocrx_word' id='word_1_349' title='bbox 1746 3278 2054 3369; x_wconf 80' lang='lat' dir='ltr'><em>otexempligratia</em></span> 
     </span>
    </p>

    <p class='ocr_par' dir='ltr' id='par_1_14' title="bbox 318 3360 2089 3466">
     <span class='ocr_line' id='line_1_31' title="bbox 318 3360 2089 3466; baseline 0.003 -26"><span class='ocrx_word' id='word_1_350' title='bbox 318 3366 380 3441; x_wconf 84' lang='lat' dir='ltr'><em>ino</em></span> <span class='ocrx_word' id='word_1_351' title='bbox 402 3365 465 3453; x_wconf 80' lang='lat' dir='ltr'><em>iem</em></span> <span class='ocrx_word' id='word_1_352' title='bbox 487 3368 597 3458; x_wconf 87' lang='lat' dir='ltr'><em>perire</em></span> <span class='ocrx_word' id='word_1_353' title='bbox 619 3385 691 3436; x_wconf 90' lang='lat' dir='ltr'><em>eum</em></span> <span class='ocrx_word' id='word_1_354' title='bbox 718 3360 909 3464; x_wconf 77' lang='lat' dir='ltr'><em>necessest,</em></span> <span class='ocrx_word' id='word_1_355' title='bbox 941 3368 998 3466; x_wconf 78' lang='lat' dir='ltr'><em>qui</em></span> <span class='ocrx_word' id='word_1_356' title='bbox 1020 3367 1102 3440; x_wconf 88' lang='lat' dir='ltr'><em>otior</em></span> <span class='ocrx_word' id='word_1_357' title='bbox 1119 3391 1183 3462; x_wconf 88' lang='lat' dir='ltr'><em>po·</em></span> <span class='ocrx_word' id='word_1_358' title='bbox 1225 3365 1538 3459; x_wconf 85' lang='lat' dir='ltr'><em>Mattieusexeisus</em></span> <span class='ocrx_word' id='word_1_359' title='bbox 1547 3363 1667 3462; x_wconf 71' lang='lat' dir='ltr'><em>furser</em></span> <span class='ocrx_word' id='word_1_360' title='bbox 1687 3390 1732 3441; x_wconf 89' lang='lat' dir='ltr'><em>ex</em></span> <span class='ocrx_word' id='word_1_361' title='bbox 1747 3372 1805 3440; x_wconf 89' lang='lat' dir='ltr'><em>troc</em></span> <span class='ocrx_word' id='word_1_362' title='bbox 1821 3374 1912 3455; x_wconf 88' lang='lat' dir='ltr'><em>nito,</em></span> <span class='ocrx_word' id='word_1_363' title='bbox 1934 3388 2026 3443; x_wconf 75' lang='lat' dir='ltr'><em>een·</em></span> <span class='ocrx_word' id='word_1_364' title='bbox 2057 3382 2089 3447; x_wconf 87' lang='lat' dir='ltr'><em>n</em></span> 
     </span>
    </p>

    <p class='ocr_par' dir='ltr' id='par_1_15' title="bbox 203 3460 2089 3566">
     <span class='ocr_line' id='line_1_32' title="bbox 203 3460 2089 3566; baseline 0.002 -31"><span class='ocrx_word' id='word_1_365' title='bbox 203 3470 205 3475; x_wconf 83' lang='lat'>&#39;</span> <span class='ocrx_word' id='word_1_366' title='bbox 318 3460 427 3563; x_wconf 77' lang='lat' dir='ltr'><em>toiffet</em></span> <span class='ocrx_word' id='word_1_367' title='bbox 443 3464 485 3535; x_wconf 80' lang='lat' dir='ltr'><em>ab</em></span> <span class='ocrx_word' id='word_1_368' title='bbox 504 3484 617 3538; x_wconf 88' lang='lat' dir='ltr'><em>errare</em></span> <span class='ocrx_word' id='word_1_369' title='bbox 634 3462 780 3535; x_wconf 79' lang='lat' dir='ltr'><em>libcrari.</em></span> <span class='ocrx_word' id='word_1_370' title='bbox 1224 3468 1416 3559; x_wconf 77' lang='lat' dir='ltr'><em>zizanium,</em></span> <span class='ocrx_word' id='word_1_371' title='bbox 1430 3461 1532 3561; x_wconf 78' lang='lat' dir='ltr'><em>smol</em></span> <span class='ocrx_word' id='word_1_372' title='bbox 1543 3468 1658 3561; x_wconf 86' lang='lat' dir='ltr'><em>utique</em></span> <span class='ocrx_word' id='word_1_373' title='bbox 1673 3465 1937 3566; x_wconf 74' lang='lat' dir='ltr'><em>excisomsoiffet</em></span> <span class='ocrx_word' id='word_1_374' title='bbox 1952 3468 2089 3565; x_wconf 74' lang='lat' dir='ltr'><em>&amp;sm</em></span> 
     </span>
    </p>

    <p class='ocr_par' dir='ltr' id='par_1_16' title="bbox 1223 3563 2087 3664">
     <span class='ocr_line' id='line_1_33' title="bbox 1223 3563 2087 3664; baseline 0.008 -27"><span class='ocrx_word' id='word_1_375' title='bbox 1223 3576 1377 3648; x_wconf 80' lang='lat' dir='ltr'><em>neretum,</em></span> <span class='ocrx_word' id='word_1_376' title='bbox 1410 3567 1500 3657; x_wconf 84' lang='lat' dir='ltr'><em>quoti</em></span> <span class='ocrx_word' id='word_1_377' title='bbox 1521 3563 1631 3655; x_wconf 81' lang='lat' dir='ltr'><em>posteo</em></span> <span class='ocrx_word' id='word_1_378' title='bbox 1655 3589 1696 3635; x_wconf 84' lang='lat' dir='ltr'><em>rx</em></span> <span class='ocrx_word' id='word_1_379' title='bbox 1719 3568 1791 3664; x_wconf 75' lang='lat' dir='ltr'><em>ipsa</em></span> <span class='ocrx_word' id='word_1_380' title='bbox 1812 3574 1979 3643; x_wconf 77' lang='lat' dir='ltr'><em>oriturum</em></span> <span class='ocrx_word' id='word_1_381' title='bbox 2005 3582 2087 3663; x_wconf 75' lang='lat' dir='ltr'><em>erat.</em></span> 
     </span>
    </p>

    <p class='ocr_par' dir='ltr' id='par_1_17' title="bbox 318 3652 2087 3762">
     <span class='ocr_line' id='line_1_34' title="bbox 318 3652 2087 3762; baseline 0.002 -22"><span class='ocrx_word' id='word_1_382' title='bbox 318 3682 498 3762; x_wconf 63' lang='lat' dir='ltr'><em>&amp;repeteres</em></span> <span class='ocrx_word' id='word_1_383' title='bbox 618 3660 650 3752; x_wconf 66' lang='lat'><em>5.</em></span> <span class='ocrx_word' id='word_1_384' title='bbox 684 3652 907 3729; x_wconf 79' lang='lat' dir='ltr'><em>cccxxvi.</em></span> <span class='ocrx_word' id='word_1_385' title='bbox 961 3657 1183 3733; x_wconf 82' lang='lat' dir='ltr'><em>Bellorntlnue</em></span> <span class='ocrx_word' id='word_1_386' title='bbox 1222 3664 1374 3739; x_wconf 75' lang='lat' dir='ltr'><em>Similiter</em></span> <span class='ocrx_word' id='word_1_387' title='bbox 1391 3658 1435 3747; x_wconf 60' lang='grc' dir='ltr'>ὅ</span> <span class='ocrx_word' id='word_1_388' title='bbox 1450 3663 1640 3737; x_wconf 78' lang='lat' dir='ltr'><em>Panion&amp;</em></span> <span class='ocrx_word' id='word_1_389' title='bbox 1653 3667 1750 3737; x_wconf 87' lang='lat' dir='ltr'><em>latro.</em></span> <span class='ocrx_word' id='word_1_390' title='bbox 1798 3672 1841 3741; x_wconf 84' lang='lat' dir='ltr'><em>Hi</em></span> <span class='ocrx_word' id='word_1_391' title='bbox 1856 3672 1938 3739; x_wconf 88' lang='lat' dir='ltr'><em>raim</em></span> <span class='ocrx_word' id='word_1_392' title='bbox 1951 3694 2023 3743; x_wconf 73' lang='lat' dir='ltr'><em>cen</em></span> <span class='ocrx_word' id='word_1_393' title='bbox 2032 3679 2087 3745; x_wconf 73' lang='lat' dir='ltr'><em>zi·</em></span> 
     </span>
    </p>

    <p class='ocr_par' dir='ltr' id='par_1_18' title="bbox 317 3755 2086 3867">
     <span class='ocr_line' id='line_1_35' title="bbox 317 3755 2086 3867; baseline 0.008 -42"><span class='ocrx_word' id='word_1_394' title='bbox 317 3760 493 3826; x_wconf 81' lang='lat' dir='ltr'><em>Bellerncni.</em></span> <span class='ocrx_word' id='word_1_395' title='bbox 571 3759 716 3850; x_wconf 83' lang='lat' dir='ltr'><em>excipit,</em></span> <span class='ocrx_word' id='word_1_396' title='bbox 750 3755 798 3844; x_wconf 91' lang='lat' dir='ltr'><em>l.)</em></span> <span class='ocrx_word' id='word_1_397' title='bbox 822 3757 949 3829; x_wconf 90' lang='lat' dir='ltr'><em>nomine</em></span> <span class='ocrx_word' id='word_1_398' title='bbox 969 3763 1180 3834; x_wconf 83' lang='lat' dir='ltr'><em>zizaniorum</em></span> <span class='ocrx_word' id='word_1_399' title='bbox 1220 3766 1323 3835; x_wconf 84' lang='lat' dir='ltr'><em>zanio</em></span> <span class='ocrx_word' id='word_1_400' title='bbox 1340 3756 1457 3853; x_wconf 75' lang='lat' dir='ltr'><em>esent,</em></span> <span class='ocrx_word' id='word_1_401' title='bbox 1478 3786 1548 3831; x_wconf 89' lang='lat' dir='ltr'><em>nan</em></span> <span class='ocrx_word' id='word_1_402' title='bbox 1561 3761 1648 3854; x_wconf 88' lang='lat' dir='ltr'><em>sunt</em></span> <span class='ocrx_word' id='word_1_403' title='bbox 1671 3763 1856 3857; x_wconf 81' lang='lat' dir='ltr'><em>exsiirpati‚</em></span> <span class='ocrx_word' id='word_1_404' title='bbox 1869 3766 2086 3867; x_wconf 63' lang='lat' dir='ltr'><em>seipereriffi</em></span> 
     </span>
    </p>

    <p class='ocr_par' dir='ltr' id='par_1_19' title="bbox 571 3848 2083 3955">
     <span class='ocr_line' id='line_1_36' title="bbox 571 3848 2083 3955; baseline 0.015 -36"><span class='ocrx_word' id='word_1_405' title='bbox 571 3874 638 3922; x_wconf 88' lang='lat' dir='ltr'><em>nan</em></span> <span class='ocrx_word' id='word_1_406' title='bbox 652 3848 793 3951; x_wconf 77' lang='lat' dir='ltr'><em>intelligi</em></span> <span class='ocrx_word' id='word_1_407' title='bbox 808 3853 898 3943; x_wconf 85' lang='lat' dir='ltr'><em>salas</em></span> <span class='ocrx_word' id='word_1_408' title='bbox 917 3855 1097 3945; x_wconf 78' lang='lat' dir='ltr'><em>hereticas,</em></span> <span class='ocrx_word' id='word_1_409' title='bbox 1113 3856 1179 3951; x_wconf 75' lang='lat' dir='ltr'><em>seri</em></span> <span class='ocrx_word' id='word_1_410' title='bbox 1212 3862 1295 3955; x_wconf 90' lang='lat' dir='ltr'><em>sunt</em></span> <span class='ocrx_word' id='word_1_411' title='bbox 1309 3862 1439 3943; x_wconf 85' lang='lat' dir='ltr'><em>uiuere,</em></span> <span class='ocrx_word' id='word_1_412' title='bbox 1463 3870 1503 3929; x_wconf 88' lang='lat' dir='ltr'><em>ut</em></span> <span class='ocrx_word' id='word_1_413' title='bbox 1517 3859 1669 3953; x_wconf 81' lang='lat' dir='ltr'><em>cresteret</em></span> <span class='ocrx_word' id='word_1_414' title='bbox 1681 3864 1791 3953; x_wconf 75' lang='lat' dir='ltr'><em>poseo</em></span> <span class='ocrx_word' id='word_1_415' title='bbox 1810 3861 1944 3938; x_wconf 84' lang='lat' dir='ltr'><em>illarum</em></span> <span class='ocrx_word' id='word_1_416' title='bbox 1966 3874 2083 3943; x_wconf 79' lang='lat' dir='ltr'><em>atreus.</em></span> 
     </span>
    </p>

    <p class='ocr_par' dir='ltr' id='par_1_20' title="bbox 317 3947 2081 4062">
     <span class='ocr_line' id='line_1_37' title="bbox 317 3947 2081 4062; baseline 0.009 -38"><span class='ocrx_word' id='word_1_417' title='bbox 317 3976 424 4025; x_wconf 88' lang='lat' dir='ltr'><em>amnes</em></span> <span class='ocrx_word' id='word_1_418' title='bbox 434 3948 690 4023; x_wconf 80' lang='lat' dir='ltr'><em>ianinermoloc.</em></span> <span class='ocrx_word' id='word_1_419' title='bbox 741 3947 838 4045; x_wconf 85' lang='lat' dir='ltr'><em>Resp.</em></span> <span class='ocrx_word' id='word_1_420' title='bbox 853 3958 1057 4026; x_wconf 82' lang='lat' dir='ltr'><em>eontrarium</em></span> <span class='ocrx_word' id='word_1_421' title='bbox 1073 3953 1180 4025; x_wconf 88' lang='lat' dir='ltr'><em>ollen·</em></span> <span class='ocrx_word' id='word_1_422' title='bbox 1220 3958 1353 4032; x_wconf 87' lang='lat' dir='ltr'><em>Dicitur</em></span> <span class='ocrx_word' id='word_1_423' title='bbox 1369 3961 1476 4053; x_wconf 88' lang='lat' dir='ltr'><em>igitar</em></span> <span class='ocrx_word' id='word_1_424' title='bbox 1490 3964 1632 4056; x_wconf 84' lang='lat' dir='ltr'><em>angelis,</em></span> <span class='ocrx_word' id='word_1_425' title='bbox 1657 3965 1746 4055; x_wconf 76' lang='lat' dir='ltr'><em>qunti</em></span> <span class='ocrx_word' id='word_1_426' title='bbox 1761 3966 1795 4034; x_wconf 86' lang='lat' dir='ltr'><em>in</em></span> <span class='ocrx_word' id='word_1_427' title='bbox 1813 3967 2081 4062; x_wconf 76' lang='lat' dir='ltr'><em>carsomtiaec</em></span> 
     </span>
    </p>

    <p class='ocr_par' dir='ltr' id='par_1_21' title="bbox 317 4042 2079 4153">
     <span class='ocr_line' id='line_1_38' title="bbox 317 4042 2079 4153; baseline 0.009 -30"><span class='ocrx_word' id='word_1_428' title='bbox 317 4051 427 4123; x_wconf 84' lang='lat' dir='ltr'><em>dimne</em></span> <span class='ocrx_word' id='word_1_429' title='bbox 448 4042 605 4144; x_wconf 80' lang='lat' dir='ltr'><em>lupetius.</em></span> <span class='ocrx_word' id='word_1_430' title='bbox 653 4046 871 4119; x_wconf 83' lang='lat' dir='ltr'><em>Bellorrninns</em></span> <span class='ocrx_word' id='word_1_431' title='bbox 887 4049 919 4119; x_wconf 87' lang='lat' dir='ltr'><em>id</em></span> <span class='ocrx_word' id='word_1_432' title='bbox 938 4050 1032 4121; x_wconf 92' lang='lat' dir='ltr'><em>nullo</em></span> <span class='ocrx_word' id='word_1_433' title='bbox 1050 4051 1117 4124; x_wconf 91' lang='lat' dir='ltr'><em>olio</em></span> <span class='ocrx_word' id='word_1_434' title='bbox 1130 4078 1182 4124; x_wconf 83' lang='lat' dir='ltr'><em>ar·</em></span> <span class='ocrx_word' id='word_1_435' title='bbox 1219 4068 1297 4127; x_wconf 82' lang='lat' dir='ltr'><em>tuoe</em></span> <span class='ocrx_word' id='word_1_436' title='bbox 1316 4061 1558 4153; x_wconf 83' lang='lat' dir='ltr'><em>congregabitis</em></span> <span class='ocrx_word' id='word_1_437' title='bbox 1571 4058 1733 4144; x_wconf 77' lang='lat' dir='ltr'><em>zizania,</em></span> <span class='ocrx_word' id='word_1_438' title='bbox 1755 4061 1815 4132; x_wconf 86' lang='lat' dir='ltr'><em>irae</em></span> <span class='ocrx_word' id='word_1_439' title='bbox 1827 4062 1886 4153; x_wconf 74' lang='lat' dir='ltr'><em>es,</em></span> <span class='ocrx_word' id='word_1_440' title='bbox 1912 4064 2079 4139; x_wconf 80' lang='lat' dir='ltr'><em>tereruor.</em></span> 
     </span>
    </p>

    <p class='ocr_par' dir='ltr' id='par_1_22' title="bbox 202 4144 2078 4255">
     <span class='ocr_line' id='line_1_39' title="bbox 202 4144 2078 4255; baseline 0.009 -38"><span class='ocrx_word' id='word_1_441' title='bbox 202 4219 204 4223; x_wconf 79' lang='grc'>,</span> <span class='ocrx_word' id='word_1_442' title='bbox 317 4154 481 4246; x_wconf 77' lang='lat' dir='ltr'><em>gamonio</em></span> <span class='ocrx_word' id='word_1_443' title='bbox 498 4144 634 4238; x_wconf 85' lang='lat' dir='ltr'><em>probet,</em></span> <span class='ocrx_word' id='word_1_444' title='bbox 658 4170 757 4243; x_wconf 83' lang='lat' dir='ltr'><em>quarn</em></span> <span class='ocrx_word' id='word_1_445' title='bbox 771 4171 813 4217; x_wconf 88' lang='lat' dir='ltr'><em>ex</em></span> <span class='ocrx_word' id='word_1_446' title='bbox 828 4148 936 4218; x_wconf 81' lang='lat' dir='ltr'><em>verbio</em></span> <span class='ocrx_word' id='word_1_447' title='bbox 950 4150 1094 4222; x_wconf 88' lang='lat' dir='ltr'><em>Chrilli:</em></span> <span class='ocrx_word' id='word_1_448' title='bbox 1116 4155 1179 4224; x_wconf 90' lang='lat' dir='ltr'><em>Zi·</em></span> <span class='ocrx_word' id='word_1_449' title='bbox 1219 4156 1301 4226; x_wconf 74' lang='lat' dir='ltr'><em>Haeo</em></span> <span class='ocrx_word' id='word_1_450' title='bbox 1315 4155 1617 4248; x_wconf 64' lang='grc' dir='ltr'><em>ΤΙιεορΙιγΙαᾶιιε,1</em></span> <span class='ocrx_word' id='word_1_451' title='bbox 1645 4181 1714 4227; x_wconf 86' lang='lat' dir='ltr'><em>non</em></span> <span class='ocrx_word' id='word_1_452' title='bbox 1740 4156 1784 4229; x_wconf 91' lang='lat' dir='ltr'><em>de</em></span> <span class='ocrx_word' id='word_1_453' title='bbox 1804 4162 1976 4255; x_wconf 81' lang='lat' dir='ltr'><em>qcribnrvie</em></span> <span class='ocrx_word' id='word_1_454' title='bbox 1990 4164 2078 4237; x_wconf 86' lang='lat' dir='ltr'><em>molle</em></span> 
     </span>
    </p>

    <p class='ocr_par' dir='ltr' id='par_1_23' title="bbox 316 4239 2077 4359">
     <span class='ocr_line' id='line_1_40' title="bbox 316 4239 2077 4359; baseline 0.009 -40"><span class='ocrx_word' id='word_1_455' title='bbox 316 4250 417 4319; x_wconf 76' lang='lat' dir='ltr'><em>zanio</em></span> <span class='ocrx_word' id='word_1_456' title='bbox 433 4242 517 4340; x_wconf 89' lang='lat' dir='ltr'><em>sunt</em></span> <span class='ocrx_word' id='word_1_457' title='bbox 527 4239 598 4336; x_wconf 79' lang='lat' dir='ltr'><em>filii</em></span> <span class='ocrx_word' id='word_1_458' title='bbox 613 4268 767 4343; x_wconf 79' lang='lat' dir='ltr'><em>nequam,</em></span> <span class='ocrx_word' id='word_1_459' title='bbox 791 4243 835 4331; x_wconf 60' lang='lat'><em>85</em></span> <span class='ocrx_word' id='word_1_460' title='bbox 851 4250 953 4317; x_wconf 85' lang='lat' dir='ltr'><em>mittet</em></span> <span class='ocrx_word' id='word_1_461' title='bbox 962 4246 1060 4339; x_wconf 81' lang='lat' dir='ltr'><em>filios</em></span> <span class='ocrx_word' id='word_1_462' title='bbox 1078 4251 1179 4322; x_wconf 80' lang='lat' dir='ltr'><em>iomi-</em></span> <span class='ocrx_word' id='word_1_463' title='bbox 1219 4250 1284 4323; x_wconf 85' lang='lat' dir='ltr'><em>live</em></span> <span class='ocrx_word' id='word_1_464' title='bbox 1295 4250 1481 4346; x_wconf 81' lang='lat' dir='ltr'><em>llagitiolia‚</em></span> <span class='ocrx_word' id='word_1_465' title='bbox 1502 4252 1559 4323; x_wconf 88' lang='lat' dir='ltr'><em>sed</em></span> <span class='ocrx_word' id='word_1_466' title='bbox 1577 4255 1619 4325; x_wconf 88' lang='lat' dir='ltr'><em>de</em></span> <span class='ocrx_word' id='word_1_467' title='bbox 1630 4258 1803 4329; x_wconf 70' lang='lat' dir='ltr'><em>hereticis</em></span> <span class='ocrx_word' id='word_1_468' title='bbox 1820 4264 1855 4330; x_wconf 74' lang='grc' dir='ltr'>ἀ</span> <span class='ocrx_word' id='word_1_469' title='bbox 1870 4260 1969 4334; x_wconf 81' lang='lat' dir='ltr'><em>malie</em></span> <span class='ocrx_word' id='word_1_470' title='bbox 1988 4264 2077 4359; x_wconf 84' lang='lat' dir='ltr'><em>eogi-</em></span> 
     </span>
    </p>

    <p class='ocr_par' dir='ltr' id='par_1_24' title="bbox 316 4339 2078 4451">
     <span class='ocr_line' id='line_1_41' title="bbox 316 4339 2078 4451; baseline 0.008 -34"><span class='ocrx_word' id='word_1_471' title='bbox 316 4349 370 4417; x_wconf 87' lang='lat' dir='ltr'><em>nis</em></span> <span class='ocrx_word' id='word_1_472' title='bbox 392 4344 525 4441; x_wconf 83' lang='lat' dir='ltr'><em>angelos</em></span> <span class='ocrx_word' id='word_1_473' title='bbox 538 4339 642 4434; x_wconf 85' lang='lat' dir='ltr'><em>suos,</em></span> <span class='ocrx_word' id='word_1_474' title='bbox 675 4340 891 4440; x_wconf 71' lang='lat' dir='ltr'><em>&amp;colligent</em></span> <span class='ocrx_word' id='word_1_475' title='bbox 916 4350 1080 4443; x_wconf 81' lang='lat' dir='ltr'><em>aeregno</em></span> <span class='ocrx_word' id='word_1_476' title='bbox 1111 4351 1179 4445; x_wconf 78' lang='lat' dir='ltr'><em>ejus</em></span> <span class='ocrx_word' id='word_1_477' title='bbox 1217 4352 1397 4422; x_wconf 77' lang='lat' dir='ltr'><em>notionibus</em></span> <span class='ocrx_word' id='word_1_478' title='bbox 1418 4355 1544 4421; x_wconf 79' lang='lat' dir='ltr'><em>zizanio</em></span> <span class='ocrx_word' id='word_1_479' title='bbox 1565 4377 1605 4421; x_wconf 86' lang='lat' dir='ltr'><em>ex</em></span> <span class='ocrx_word' id='word_1_480' title='bbox 1630 4352 1753 4441; x_wconf 80' lang='lat' dir='ltr'><em>oneni3</em></span> <span class='ocrx_word' id='word_1_481' title='bbox 1791 4358 1899 4451; x_wconf 87' lang='lat' dir='ltr'><em>probe</em></span> <span class='ocrx_word' id='word_1_482' title='bbox 1923 4356 2078 4433; x_wconf 81' lang='lat' dir='ltr'><em>enicnrl·</em></span> 
     </span>
    </p>

    <p class='ocr_par' dir='ltr' id='par_1_25' title="bbox 318 4378 2077 4555">
     <span class='ocr_line' id='line_1_42' title="bbox 318 4378 2077 4555; baseline 0.009 -42"><span class='ocrx_word' id='word_1_483' title='bbox 318 4448 425 4514; x_wconf 82' lang='lat' dir='ltr'><em>annio</em></span> <span class='ocrx_word' id='word_1_484' title='bbox 436 4440 616 4537; x_wconf 72' lang='lat' dir='ltr'><em>franciola,</em></span> <span class='ocrx_word' id='word_1_485' title='bbox 642 4438 775 4532; x_wconf 43' lang='lat' dir='ltr'><em>&amp;cam</em></span> <span class='ocrx_word' id='word_1_486' title='bbox 800 4446 857 4540; x_wconf 87' lang='lat' dir='ltr'><em>qui</em></span> <span class='ocrx_word' id='word_1_487' title='bbox 875 4445 1004 4541; x_wconf 78' lang='lat' dir='ltr'><em>sacient</em></span> <span class='ocrx_word' id='word_1_488' title='bbox 1021 4450 1178 4541; x_wconf 82' lang='lat' dir='ltr'><em>iniquita·</em></span> <span class='ocrx_word' id='word_1_489' title='bbox 1220 4446 1285 4533; x_wconf 88' lang='lat' dir='ltr'><em>dit,</em></span> <span class='ocrx_word' id='word_1_490' title='bbox 1312 4378 1896 4545; x_wconf 76' lang='lat' dir='ltr'><em>labefatloritnagillroturofficiunt,</em></span> <span class='ocrx_word' id='word_1_491' title='bbox 1912 4456 1936 4527; x_wconf 86' lang='lat' dir='ltr'><em>sc</em></span> <span class='ocrx_word' id='word_1_492' title='bbox 1953 4456 1997 4529; x_wconf 87' lang='lat' dir='ltr'><em>de</em></span> <span class='ocrx_word' id='word_1_493' title='bbox 2011 4460 2077 4555; x_wconf 80' lang='lat' dir='ltr'><em>qul·</em></span> 
     </span>
    </p>

    <p class='ocr_par' dir='ltr' id='par_1_26' title="bbox 318 4542 2075 4651">
     <span class='ocr_line' id='line_1_43' title="bbox 318 4542 2075 4651; baseline 0.007 -43"><span class='ocrx_word' id='word_1_494' title='bbox 318 4550 400 4628; x_wconf 84' lang='lat' dir='ltr'><em>tem,</em></span> <span class='ocrx_word' id='word_1_495' title='bbox 439 4542 481 4627; x_wconf 58' lang='lat' dir='ltr'><em>Rp</em></span> <span class='ocrx_word' id='word_1_496' title='bbox 503 4542 631 4611; x_wconf 83' lang='lat' dir='ltr'><em>mittent</em></span> <span class='ocrx_word' id='word_1_497' title='bbox 653 4542 688 4610; x_wconf 92' lang='lat' dir='ltr'><em>in</em></span> <span class='ocrx_word' id='word_1_498' title='bbox 717 4544 872 4615; x_wconf 89' lang='lat' dir='ltr'><em>caminum</em></span> <span class='ocrx_word' id='word_1_499' title='bbox 896 4548 994 4639; x_wconf 88' lang='lat' dir='ltr'><em>ignis.</em></span> <span class='ocrx_word' id='word_1_500' title='bbox 1052 4546 1178 4618; x_wconf 86' lang='lat' dir='ltr'><em>Verum</em></span> <span class='ocrx_word' id='word_1_501' title='bbox 1219 4544 1326 4617; x_wconf 80' lang='lat' dir='ltr'><em>bnsvie</em></span> <span class='ocrx_word' id='word_1_502' title='bbox 1342 4544 1536 4617; x_wconf 83' lang='lat' dir='ltr'><em>facinorolis</em></span> <span class='ocrx_word' id='word_1_503' title='bbox 1549 4557 1787 4642; x_wconf 85' lang='lat' dir='ltr'><em>acciperentur.</em></span> <span class='ocrx_word' id='word_1_504' title='bbox 1837 4557 1987 4643; x_wconf 62' lang='lat' dir='ltr'><em>Secundo</em></span> <span class='ocrx_word' id='word_1_505' title='bbox 2004 4580 2075 4651; x_wconf 77' lang='lat' dir='ltr'><em>pro·</em></span> 
     </span>
    </p>

    <p class='ocr_par' dir='ltr' id='par_1_27' title="bbox 318 4632 2076 4741">
     <span class='ocr_line' id='line_1_44' title="bbox 318 4632 2076 4741; baseline 0.009 -37"><span class='ocrx_word' id='word_1_506' title='bbox 318 4638 398 4733; x_wconf 82' lang='lat' dir='ltr'><em>qnid</em></span> <span class='ocrx_word' id='word_1_507' title='bbox 417 4639 493 4709; x_wconf 86' lang='lat' dir='ltr'><em>hoio</em></span> <span class='ocrx_word' id='word_1_508' title='bbox 509 4641 643 4737; x_wconf 81' lang='lat' dir='ltr'><em>argntiae</em></span> <span class='ocrx_word' id='word_1_509' title='bbox 664 4632 932 4734; x_wconf 85' lang='lat' dir='ltr'><em>respondendum</em></span> <span class='ocrx_word' id='word_1_510' title='bbox 949 4642 1004 4729; x_wconf 75' lang='lat' dir='ltr'><em>stt,</em></span> <span class='ocrx_word' id='word_1_511' title='bbox 1032 4643 1181 4714; x_wconf 87' lang='lat' dir='ltr'><em>conlloro</em></span> <span class='ocrx_word' id='word_1_512' title='bbox 1217 4640 1284 4715; x_wconf 88' lang='lat' dir='ltr'><em>ferr</em></span> <span class='ocrx_word' id='word_1_513' title='bbox 1304 4642 1555 4733; x_wconf 75' lang='lat' dir='ltr'><em>expolitionem·</em></span> <span class='ocrx_word' id='word_1_514' title='bbox 1569 4644 1666 4739; x_wconf 84' lang='lat' dir='ltr'><em>iplius</em></span> <span class='ocrx_word' id='word_1_515' title='bbox 1691 4646 1837 4732; x_wconf 85' lang='lat' dir='ltr'><em>Chtilli,</em></span> <span class='ocrx_word' id='word_1_516' title='bbox 1866 4659 1925 4741; x_wconf 85' lang='lat' dir='ltr'><em>qui</em></span> <span class='ocrx_word' id='word_1_517' title='bbox 1948 4658 2076 4729; x_wconf 64' lang='lat' dir='ltr'><em>aemule</em></span> 
     </span>
    </p>

    <p class='ocr_par' dir='ltr' id='par_1_28' title="bbox 319 4731 2078 4842">
     <span class='ocr_line' id='line_1_45' title="bbox 319 4731 2078 4842; baseline 0.013 -38"><span class='ocrx_word' id='word_1_518' title='bbox 319 4731 425 4832; x_wconf 81' lang='lat' dir='ltr'><em>potess</em></span> <span class='ocrx_word' id='word_1_519' title='bbox 444 4758 483 4802; x_wconf 85' lang='lat' dir='ltr'><em>ex</em></span> <span class='ocrx_word' id='word_1_520' title='bbox 500 4731 733 4832; x_wconf 82' lang='lat' dir='ltr'><em>superioribus.</em></span> <span class='ocrx_word' id='word_1_521' title='bbox 781 4736 951 4833; x_wconf 87' lang='lat' dir='ltr'><em>Johannee</em></span> <span class='ocrx_word' id='word_1_522' title='bbox 967 4740 1009 4809; x_wconf 85' lang='lat' dir='ltr'><em>tle</em></span> <span class='ocrx_word' id='word_1_523' title='bbox 1032 4739 1061 4807; x_wconf 87' lang='lat' dir='ltr'><em>lo</em></span> <span class='ocrx_word' id='word_1_524' title='bbox 1084 4742 1178 4833; x_wconf 82' lang='lat' dir='ltr'><em>Hoyo</em></span> <span class='ocrx_word' id='word_1_525' title='bbox 1218 4744 1296 4812; x_wconf 77' lang='lat' dir='ltr'><em>dicit</em></span> <span class='ocrx_word' id='word_1_526' title='bbox 1316 4741 1376 4838; x_wconf 76' lang='lat' dir='ltr'><em>effe</em></span> <span class='ocrx_word' id='word_1_527' title='bbox 1385 4742 1481 4837; x_wconf 80' lang='lat' dir='ltr'><em>filiae</em></span> <span class='ocrx_word' id='word_1_528' title='bbox 1504 4768 1660 4841; x_wconf 83' lang='lat' dir='ltr'><em>nequem,</em></span> <span class='ocrx_word' id='word_1_529' title='bbox 1686 4744 1744 4814; x_wconf 87' lang='lat' dir='ltr'><em>icoc</em></span> <span class='ocrx_word' id='word_1_530' title='bbox 1764 4746 1825 4830; x_wconf 80' lang='lat' dir='ltr'><em>est,</em></span> <span class='ocrx_word' id='word_1_531' title='bbox 1850 4775 1961 4823; x_wconf 84' lang='lat' dir='ltr'><em>orrenes</em></span> <span class='ocrx_word' id='word_1_532' title='bbox 1973 4778 2078 4842; x_wconf 88' lang='lat' dir='ltr'><em>pecca·</em></span> 
     </span>
    </p>

    <p class='ocr_par' dir='ltr' id='par_1_29' title="bbox 320 4834 2078 4963">
     <span class='ocr_line' id='line_1_46' title="bbox 320 4834 2078 4963; baseline 0.01 -66"><span class='ocrx_word' id='word_1_533' title='bbox 320 4838 356 4907; x_wconf 79' lang='lat' dir='ltr'><em>lo</em></span> <span class='ocrx_word' id='word_1_534' title='bbox 378 4835 550 4923; x_wconf 83' lang='lat' dir='ltr'><em>triumpho</em></span> <span class='ocrx_word' id='word_1_535' title='bbox 576 4837 721 4905; x_wconf 74' lang='lat' dir='ltr'><em>veritatis</em></span> <span class='ocrx_word' id='word_1_536' title='bbox 749 4834 895 4929; x_wconf 79' lang='lat' dir='ltr'><em>pluribus</em></span> <span class='ocrx_word' id='word_1_537' title='bbox 918 4842 1122 4933; x_wconf 79' lang='lat' dir='ltr'><em>argumentis</em></span> <span class='ocrx_word' id='word_1_538' title='bbox 1145 4838 1179 4910; x_wconf 90' lang='lat' dir='ltr'><em>id</em></span> <span class='ocrx_word' id='word_1_539' title='bbox 1217 4851 1314 4911; x_wconf 87' lang='lat' dir='ltr'><em>tores.</em></span> <span class='ocrx_word' id='word_1_540' title='bbox 1365 4841 1428 4910; x_wconf 80' lang='lat' dir='ltr'><em>Sed</em></span> <span class='ocrx_word' id='word_1_541' title='bbox 1445 4842 1487 4910; x_wconf 88' lang='lat' dir='ltr'><em>de</em></span> <span class='ocrx_word' id='word_1_542' title='bbox 1509 4866 1552 4908; x_wconf 87' lang='lat' dir='ltr'><em>eo</em></span> <span class='ocrx_word' id='word_1_543' title='bbox 1568 4849 1630 4917; x_wconf 81' lang='lat' dir='ltr'><em>iarn</em></span> <span class='ocrx_word' id='word_1_544' title='bbox 1652 4862 1727 4911; x_wconf 79' lang='lat' dir='ltr'><em>unte</em></span> <span class='ocrx_word' id='word_1_545' title='bbox 1745 4849 1884 4963; x_wconf 59' lang='lat' dir='ltr'><em>egimgo,</em></span> <span class='ocrx_word' id='word_1_546' title='bbox 1944 4854 2078 4941; x_wconf 73' lang='lat' dir='ltr'><em>Tertio,</em></span> 
     </span>
    </p>
   </div>
   <div class='ocr_carea' id='block_1_3' title="bbox 321 4915 2082 5040">
    <p class='ocr_par' dir='ltr' id='par_1_30' title="bbox 321 4915 2082 5040">
     <span class='ocr_line' id='line_1_47' title="bbox 321 4915 2082 5040; baseline 0.011 -37"><span class='ocrx_word' id='word_1_547' title='bbox 321 4927 547 5003; x_wconf 82' lang='lat' dir='ltr'><em>‹lemonllrare</em></span> <span class='ocrx_word' id='word_1_548' title='bbox 563 4949 714 5006; x_wconf 84' lang='lat' dir='ltr'><em>conatur.</em></span> <span class='ocrx_word' id='word_1_549' title='bbox 758 4937 869 5010; x_wconf 84' lang='lat' dir='ltr'><em>Prima</em></span> <span class='ocrx_word' id='word_1_550' title='bbox 888 4953 985 5033; x_wconf 87' lang='lat' dir='ltr'><em>urget</em></span> <span class='ocrx_word' id='word_1_551' title='bbox 1007 4935 1182 5039; x_wconf 73' lang='lat' dir='ltr'><em>autlorito·</em></span> <span class='ocrx_word' id='word_1_552' title='bbox 1218 4915 1383 5021; x_wconf 55' lang='lat' dir='ltr'><em>Dominus</em></span> <span class='ocrx_word' id='word_1_553' title='bbox 1397 4964 1463 5014; x_wconf 90' lang='lat' dir='ltr'><em>nan</em></span> <span class='ocrx_word' id='word_1_554' title='bbox 1480 4945 1552 5015; x_wconf 85' lang='lat' dir='ltr'><em>vult</em></span> <span class='ocrx_word' id='word_1_555' title='bbox 1567 4937 1676 5039; x_wconf 78' lang='lat' dir='ltr'><em>collige</em></span> <span class='ocrx_word' id='word_1_556' title='bbox 1695 4939 1742 5017; x_wconf 58' lang='grc' dir='ltr'><em>Εἴ</em></span> <span class='ocrx_word' id='word_1_557' title='bbox 1757 4938 1918 5035; x_wconf 78' lang='lat' dir='ltr'><em>craiteori</em></span> <span class='ocrx_word' id='word_1_558' title='bbox 1931 4960 2082 5040; x_wconf 77' lang='lat' dir='ltr'><em>zizania,</em></span> 
     </span>
    </p>
   </div>
   <div class='ocr_carea' id='block_1_4' title="bbox 1902 5049 2083 5134">
    <p class='ocr_par' dir='ltr' id='par_1_31' title="bbox 1902 5049 2083 5134">
     <span class='ocr_line' id='line_1_48' title="bbox 1902 5049 2083 5134; baseline -0.055 -9"><span class='ocrx_word' id='word_1_559' title='bbox 1902 5058 1912 5069; x_wconf 79' lang='lat'><em>&#39;</em></span> <span class='ocrx_word' id='word_1_560' title='bbox 1936 5050 1945 5069; x_wconf 83' lang='grc'><strong>’</strong></span> <span class='ocrx_word' id='word_1_561' title='bbox 1988 5049 2083 5134; x_wconf 75' lang='lat' dir='ltr'><em>licre.</em></span> 
     </span>
    </p>
   </div>
   <div class='ocr_carea' id='block_1_5' title="bbox 0 0 2426 5859">
    <p class='ocr_par' dir='ltr' id='par_1_32' title="bbox 0 0 2426 5859">
     <span class='ocr_line' id='line_1_49' title="bbox 0 0 2426 5859; baseline 0 0"><span class='ocrx_word' id='word_1_562' title='bbox 0 0 2426 5859; x_wconf 95' lang='lat' dir='ltr'><em> </em></span> 
     </span>
    </p>
   </div>
  </div>
 </body>
</html>
