4842 5859
493 256 578 395 'nr
635 257 783 396 evas
827 253 1237 401 uuorsrnurvs
1269 321 1460 402 omes
1508 275 1694 402 sucre
1941 345 1994 422 ss

295 495 341 669 p,
360 496 744 674 ssfflsszlxibzfsgizii
766 503 925 675 priputin
940 505 1083 676 seclusio.
1120 506 1204 675 gea.
1220 602 1245 676 fl
1263 503 1456 675 Optaspdum
1472 496 1778 676 qulsema&'seffi³
1796 507 1990 678 ppmibusir

295 623 515 794 lsudealsgsb.
545 696 644 768 Vnde
663 625 970 799 Rotnltnsarerlllibus
988 630 1082 777 ¹bceellss
1121 624 1825 791 idelusnssslatlullss'tulbsibeulssss'gss
1842 627 1987 776 plagate:

296 802 356 866 enti
378 798 412 866 id
432 795 562 890 negotii
578 794 761 884 dederunt,
787 817 823 868 ut
839 800 1080 874 animadverte·
1120 800 1199 872 dem
1225 823 1267 871 ue
1281 823 1360 873 vera
1380 799 1504 896 religio
1520 799 1642 896 ubique
1659 806 1791 899 rigeat,
1813 828 1889 874 cutn
1910 801 1986 875 nol·

305 939 316 976 s
340 897 460 990 arqui,
481 895 540 992 trist
554 895 776 981 Rotnanidii,
802 920 927 995 nequo,
947 902 1076 1000 sriflpa·
1118 897 1189 971 lum
1202 826 1241 970 stt
1252 896 1383 971 firmius
1399 897 1594 969 concordiae
1606 904 1641 970 dt
1655 905 1788 971 unitatis
1802 901 1988 986 vinculum,

297 1014 397 1079 mure,
415 994 606 1063 tolerentur.
638 992 750 1061 Livius
765 992 822 1066 lib.
837 997 894 1069 tv.
913 998 1080 1070 Mecaenas
1120 995 1262 1093 quamsi
1286 1000 1321 1070 in
1341 996 1701 1093 uuaeademquevera
1724 997 1896 1095 religione
1916 1003 1987 1070 aui·
2060 1014 2063 1025 '

296 1090 306 1156 s
324 1089 524 1179 Dionyfium
542 1087 598 1162 lib.
615 1088 683 1161 llll.
705 1089 889 1164 Ollariano
908 1093 1083 1184 consiluit,
1120 1099 1169 1165 sni
1186 1089 1395 1168 subditorum
1411 1097 1554 1164 invicem
1575 1091 1801 1181 consentiant,
1834 1092 1890 1168 sed
1908 1104 1988 1169 uui·
2018 1151 2040 1183 „

296 1213 346 1258 suu
357 1190 471 1284 solam
489 1211 577 1258 more
595 1190 752 1287 majurum
768 1216 885 1263 nornen
908 1196 1083 1293 diligenter
1123 1189 1255 1262 versalia
1276 1193 1334 1265 ille
1355 1189 1527 1263 consensus
1555 1186 1675 1264 in'lsac
1697 1199 1762 1265 uita
1786 1188 1910 1292 sperari·
1928 1199 1988 1267 vix

297 1300 354 1375 ut,
373 1289 437 1381 sed
458 1285 505 1359 ss
524 1287 607 1362 alios
627 1291 671 1356 ud
691 1312 761 1357 euru
779 1288 896 1362 cubum
919 1291 1079 1387 compelle·
1120 1289 1241 1386 potell.
1302 1299 1442 1385 Oportet
1458 1289 1517 1387 effe
1540 1290 1670 1387 sereser
1687 1296 1772 1365 inter
1792 1318 1869 1378 voe,
1903 1294 1990 1366 dicit

320 1411 388 1457 non
397 1385 509 1478 sulum
529 1387 715 1482 religionis,
730 1386 795 1479 sed
815 1395 950 1461 maxiem
969 1395 1080 1485 reipu-
1120 1387 1288 1484 aposlolus
1314 1416 1342 1462 r.
1355 1391 1439 1463 Cor.
1451 1393 1506 1461 lsi.
1521 1416 1574 1471 ¹9·
1597 1388 1772 1462 nascuntur
1788 1398 1827 1461 in·
1840 1391 1989 1464 ecclefiae

297 1486 432 1580 terassa,
457 1505 547 1557 nove
560 1487 643 1553 enirn
661 1484 718 1565 reli
745 1488 990 1580 iorispretrxtu
1002 1490 1082 1566 rnal-
1120 1490 1350 1583 egroaizania
1368 1493 1403 1557 in
1417 1487 1533 1558 medio
1546 1490 1666 1559 tritici:
1691 1490 1814 1561 Manb.
1825 1490 1912 1562 Xlll.
1925 1516 1988 1573 at.

297 1605 345 1652 res
363 1607 467 1655 novas
480 1581 602 1665 moliri,
628 1581 675 1656 θ
696 1509 806 1656 §licita
827 1583 962 1680 collegia
978 1593 1080 1675 eolre,
1120 1585 1280 1675 spinter
1291 1586 1506 1682 personarum
1525 1589 1682 1678 privatius
1704 1594 1744 1658 de
1761 1590 1917 1684 religione
1933 1593 1991 1660 di-

297 1687 542 1777 uutnlionesque
558 1677 871 1777 &seditiosissime
886 1685 983 1782 sensti.
1011 1689 1080 1758 De·
1118 1682 1699 1779 versamsentientiamtolerantiam,
1719 1691 1752 1759 dt
1769 1684 1988 1781 interpelliei

300 1806 320 1850 e
335 1781 425 1878 quud
449 1781 582 1851 libertas
596 1781 725 1876 quidvis
740 1782 898 1853 credendi
913 1783 951 1855 su
966 1789 1078 1880 perni-
1117 1785 1261 1871 exercitii
1269 1786 1496 1879 conerffiuaern.
1515 1777 1663 1853 Personas
1673 1783 1989 1879 privataediaessum
2123 1835 2129 1856 .

297 1883 398 1978 tipfit
404 1880 572 1973 subditis,
599 1879 715 1972 quibus
736 1883 950 1969 conceditur,
976 1880 1077 1955 facile
1117 1872 1310 1966 sentientes,
1336 1881 1479 1980 inquiete
1489 1877 1726 1965 uiuant,sacris
1740 1882 1878 1979 publicis
1888 1906 1991 1955 utan-
2088 1935 2091 1940 -

300 1998 369 2064 ret,
392 1982 470 2074 quia
485 1979 615 2049 libertus
636 1974 691 2050 illa
707 1984 839 2071 quiduis
854 1986 1006 2073 credendi
1024 1985 1079 2053 ni-
1118 1996 1191 2062 tut,
1218 2003 1279 2050 nec
1297 1981 1436 2052 occultis
1454 1981 1754 2050 machinationibus
1763 1981 1912 2076 politiae,
1928 1990 1990 2051 aue

297 2080 374 2146 iliud
392 2077 460 2168 eps,
489 2101 585 2171 quoru
607 2079 739 2146 libertus
765 2080 924 2167 errandi,
946 2081 989 2166 ξς
1004 2079 1079 2175 qui·
1120 2074 1264 2146 ecclelia
1284 2101 1398 2170 pacem
1416 2079 1550 2148 turbare
1573 2082 1899 2165 animadvertantur,
1924 2077 1988 2175 spe

305 2182 441 2247 errandi
457 2179 492 2244 in
508 2198 543 2246 re
562 2179 672 2247 aniene
681 2177 823 2270 saltitem
848 2192 1079 2266 contenente,
1119 2172 1345 2244 couverfiouis
1368 2182 1402 2248 dt
1427 2181 1515 2269 pacis
1532 2174 1671 2268 publicae
1690 2174 1782 2246 rausa
1801 2177 1988 2247 tolerandae

297 2278 494 2368 superinde
515 2284 613 2346 erru'r
632 2274 674 2359 eli
696 2273 790 2372 lunge
809 2274 1081 2375 periculoſsffimus
1118 2265 1202 2343 sunt.
1267 2270 1386 2369 Neque
1411 2277 1503 2342 enim
1523 2277 1645 2364 quavis
1666 2278 1700 2343 in
1719 2274 1785 2344 tide
1805 2272 1988 2362 dissensio,

300 2374 520 2466 otentiffintur.
573 2373 616 2442 Vt
634 2397 716 2468 ergo
729 2370 901 2444 salubriter
915 2401 985 2445 non
1001 2399 1076 2471 per.
1096 2459 1100 2467 1
1118 2388 1181 2462 qua
1197 2365 1364 2439 diversum
1377 2373 1545 2453 creditur,
1570 2368 1624 2440 sed
1635 2366 1837 2444 diffeufiouis
1851 2371 1987 2468 publica

298 2477 358 2541 itur
372 2493 454 2568 grex
471 2475 588 2540 orium
600 2495 660 2563 per
672 2491 803 2541 montes
817 2478 927 2566 vagari
942 2479 973 2546 ἁ
988 2498 1078 2570 qua-
1118 2463 1306 2537 tellificatio
1326 2492 1364 2537 ac
1382 2464 1563 2564 professio,
1588 2492 1651 2560 qua
1668 2465 1834 2542 diversunt
1849 2471 1988 2566 publices

298 2565 396 2639 sainna
416 2565 562 2663 eligere,
589 2567 810 2638 usiaiubsiser
830 2576 1077 2655 nonpermitsi.
1118 2561 1259 2634 docetur
1280 2566 1476 2651 accolitur,
1515 2565 1706 2659 reipublicae
1733 2563 1988 2662 perniciosam:
2061 2600 2064 2609 ·

298 2673 374 2737 savis
391 2691 408 2736 a
423 2666 576 2762 quolibet
593 2687 694 2736 ventu
710 2668 940 2747 circumsessi,
962 2692 1005 2739 ne
1018 2668 1077 2742 ille
1116 2658 1298 2757 periculose
1315 2658 1488 2736 censenda.
1544 2665 1666 2736 Tacere
1675 2668 1784 2751 liceat,
1809 2669 1917 2761 inquit
1925 2666 1991 2736 Se·

299 2789 315 2833 a
340 2762 456 2862 pascua
476 2763 597 2857 eligat,
626 2773 659 2834 ἀ
688 2765 844 2859 luporum
865 2767 973 2860 prada
997 2765 1074 2854 fiat,
1113 2783 1196 2829 ⁰00²
1218 2759 1388 2857 ioOedip.
1403 2759 1492 2834 nullu
1510 2763 1645 2834 libertas
1665 2770 1769 2838 uinus
1789 2791 1810 2836 o
1830 2789 1907 2856 rege
1922 2788 1989 2858 po·

304 2887 387 2933 vero
403 2859 546 2958 scopulis
566 2856 664 2929 adlisa
684 2884 813 2956 pescate
839 2861 882 2933 sic
903 2860 1076 2936 salubriter
1114 2861 1229 2929 siler..
1270 2860 1412 2958 Qtodst
1433 2885 1515 2931 vero
1538 2861 1641 2931 iidem
1667 2887 1798 2935 errores
1819 2859 1895 2933 sssos
1920 2886 1988 2957 pu-

303 2963 506 3058 permittitur
531 2957 665 3028 subditis
689 2961 820 3054 quidvis
844 2961 1002 3032 credendi
1032 2961 1074 3032 li.
1118 2955 1203 3026 blice
1215 2936 1387 3053 spargere,
1410 2958 1494 3029 alios
1510 2961 1553 3028 ad
1568 2955 1600 3029 se
1611 2957 1774 3046 adlicere,
1799 2958 1990 3056 strnplietu-
2083 2996 2089 3033 ,ι

298 3083 342 3146 ιι,
367 3083 443 3130 nea
464 3081 540 3128 uera
557 3057 723 3152 religione
738 3082 776 3125 ac
795 3055 863 3127 side
885 3059 1097 3134 altercantes·
1117 3077 1169 3124 res
1187 3048 1327 3140 fallere,
1360 3062 1393 3128 ᾱ
1410 3070 1528 3150 'pacem
1551 3057 1716 3153 publicam
1744 3059 1879 3131 turbare
1895 3062 1988 3129 inci·-

298 3181 340 3226 ιο
358 3161 462 3227 exitio
482 3156 705 3228 involvuntur,
754 3156 857 3228 Hisce
882 3160 1073 3230 incommo.
1116 3155 1232 3248 piuut,
1254 3154 1432 3224 coe'rcendi
1451 3150 1545 3242 suut,
1567 3179 1607 3226 ac
1625 3153 1685 3227 nist
1704 3157 1744 3225 ab
1762 3157 1909 3227 inllituto
1926 3155 1989 3227 de·

299 3259 401 3325 terito
411 3256 664 3335 adnumeratur,
689 3252 780 3346 quod
793 3278 854 3349 per
868 3255 1072 3330 diversarum
1116 3248 1226 3320 sistere
1246 3251 1371 3337 vellus,
1395 3252 1657 3339 exterminandi,
1683 3280 1725 3324 ne
1744 3254 1835 3325 velut
1850 3255 1988 3348 putrida

300 3359 416 3423 ionum
444 3358 479 3421 iu
510 3375 574 3421 uua
600 3352 769 3446 republica
792 3351 1002 3424 tolerantiam
1031 3353 1073 3422 ad
1116 3353 1149 3419 ἅ
1166 3370 1341 3443 gangrena
1355 3373 1508 3444 correpta
1529 3352 1683 3422 usesnbra-
1700 3352 1843 3446 reliquas
1857 3375 1987 3445 corpo·

299 3476 397 3520 mum
416 3447 1074 3545 numiniscuutemtumsenelisaaperia-
1116 3452 1284 3538 rispastes
1306 3444 1692 3521 adhucsanasinsiciant.
1744 3450 1986 3521 interviol'ess·

299 3572 336 3618 on
364 3543 612 3642 camplislime,
646 3546 734 3616 unde
757 3551 827 3640 pari
848 3544 936 3642 paffu
958 3550 1071 3618 sunbu.
1114 3544 1413 3614 tamcoasliouem
1433 3569 1493 3639 per
1513 3540 1674 3640 supplicia
1696 3555 1728 3619 de
1754 3551 1842 3618 inter
1862 3571 2009 3643 vagrani
2136 3611 2160 3624 -

299 3573 582 3717 rissentutomuia
605 3643 785 3746 religio&
809 3647 901 3714 nulla
934 3647 1070 3743 religio,
1103 3647 1310 3807 puatusuuis
1327 3639 1532 3736 religionum
1550 3641 1735 3713 libertatem
1755 3645 1800 3715 esi
1820 3633 1988 3737 quiddam

299 3748 427 3814 renim
449 3739 619 3838 plebecula
648 3767 738 3810 acres
767 3740 838 3811 illas
865 3745 908 3814 de
936 3739 1073 3814 summis

299 3846 385 3911 ionis
411 3840 569 3935 capitibus
595 3834 819 3931 dissenffi'onea
849 3848 882 3913 dt
904 3838 1072 3912 diversum
1114 3857 1181 3913 tur.
1239 3835 1409 3906 Pulslicum
1434 3861 1518 3907 vero
1541 3835 1748 3911 diversatum
1774 3839 1994 3938 religionutra'

300 3964 377 4009 rum
399 3938 524 4008 cultum
549 3936 833 4016 animadvertens,
869 3934 1066 4010 solahosni-
1114 3929 1310 4005 exercitium
1333 3935 1538 4027 magistratus
1554 3938 1691 4033 quaudo
1710 3941 1908 4009 concedere
1920 3939 1984 4009 de-

312 4038 473 4132 opinione
498 4041 670 4106 veritatem
691 4036 839 4107 conllare
865 4034 994 4122 censet,
1030 4063 1069 4108 ae
1114 4034 1209 4119 beat,
1238 4029 1679 4131 exsequentibusadparebit
1737 4035 1981 4130 Dillinguinaue

299 4133 353 4206 sde
376 4133 418 4205 ad
440 4133 578 4229 Epicuri
605 4130 706 4205 casira
727 4133 841 4230 pleno
864 4131 961 4207 cursu
986 4159 1066 4207 con.
1114 4135 1207 4201 enim
1242 4133 1296 4222 3.)
1317 4130 1547 4223 interfinium
1572 4086 1748 4224 reipublice
1770 4148 1924 4228 paratum
1944 4139 1982 4205 ἀ

1129 3739 1376 3814 ntetmediusu,
1405 3758 1440 3808 ut
1461 3738 1616 3810 videlicet
1638 3736 1778 3812 hareses
1799 3744 1990 3814 co‘e'scean-
2083 3799 2088 3806 .

302 4256 325 4308 t.
782 4275 784 4279 v
1113 4232 1287 4304 turbatum.
1353 4229 1497 4310 Quando
1519 4231 1711 4325 reipublicae
1732 4230 1828 4304 slatus
1854 4233 1898 4302 cll
1921 4257 1978 4329 pa·
2095 4306 2098 4311 ,

1115 4346 1226 4402 catus,
1257 4347 1440 4423 atqueuua
1465 4330 1647 4425 eademque
1666 4353 1745 4399 uera
1771 4338 1805 4400 iu
1820 4355 1869 4399 eu
1886 4335 1978 4423 viper

301 4428 413 4512 ,cett
439 4432 548 4524 Atque
564 4426 635 4496 baec
657 4421 728 4498 suut
748 4445 942 4525 argumenta
944 4480 967 4546 ὅ
997 4429 1071 4524 qui·
1114 4428 1258 4517 religio,
1292 4444 1371 4494 tttnc
1397 4424 1602 4520 magistratus
1622 4450 1691 4496 uon
1713 4427 1811 4498 debet
1834 4425 1978 4498 diversas

303 4528 458 4621 eligionia
477 4522 643 4596 diuerfiras
661 4533 694 4595 in
715 4527 882 4624 republica
902 4527 1069 4620 improba·
1113 4518 1215 4593 seslas
1233 4528 1267 4592 iu
1285 4526 1352 4611 eius
1370 4531 1539 4615 gremium
1553 4531 1715 4619 recipere,
1728 4521 1784 4595 fed
1796 4549 1896 4593 novas
1909 4528 1977 4594 hae-

304 4626 422 4721 quibus
446 4625 576 4721 pondus
597 4646 666 4692 nou
688 4625 761 4694 leve
780 4619 899 4707 inesse,
927 4624 1068 4694 libenter
1114 4616 1200 4692 reses
1224 4615 1448 4715 spargentibus
1465 4617 1598 4719 smnmo
1618 4643 1740 4693 conatu
1764 4620 1976 4707 retinerem

300 4748 375 4812 sur,
412 4726 545 4792 interim
574 4740 684 4791 tamen
713 4721 982 4816 distinguendum
1004 4715 1069 4793 esse
1115 4719 1355 4816 rempublicam
1373 4716 1412 4787 ab
1427 4722 1522 4790 omui
1543 4719 1809 4811 corruptelarum
1826 4720 1897 4790 labe
1914 4729 1976 4791 ins·

300 4846 369 4892 sus:
395 4827 437 4911 ι.)
452 4823 540 4892 intes
555 4822 607 4904 id,
633 4827 721 4914 quud
740 4824 955 4916 optandumin
969 4822 1066 4915 repu-
1115 4843 1254 4890 munem
1270 4808 1478 4906 conservare.
1528 4821 1592 4888 Sed
1615 4813 1748 4910 quaudo
1765 4817 1911 4890 turbatus
1930 4821 1975 4887 esi
2001 4848 2003 4854 ·

316 4919 515 5018 christiano,
551 4924 585 4992 ᾱ
612 4925 701 5016 quod
713 4919 920 5017 sperandast
947 4925 983 4992 in
1012 4919 1072 4993 lut
1113 4905 1306 5014 respublica
1330 4912 1450 5004 slatus,
1482 4939 1520 4986 ae
1545 4904 1682 4984 diuersae
1704 4919 1740 4984 iu
1760 4939 1804 4987 eo
1822 4914 1973 5033 jamdum

833 5061 841 5074 -
1348 5082 1352 5089 ,
1757 5086 1760 5091 ,
1859 5038 1971 5110 vigeri
