4842 5859
434 348 507 430 300
724 324 1046 403 rocvsxxv.
1096 324 1303 405 eursu.
1352 306 1653 407 curvr'v'tt.
1698 324 1999 410 soc-moue
2094 294 2097 299 ’

443 516 659 598 quereretur,
693 498 761 570 hoc
791 493 934 593 responsi
964 494 1062 564 tulit:
1099 498 1303 567 Macedones
1348 518 1425 569 runt
1448 496 1501 569 vel
1524 478 1839 595 polllcentttr,·quae
1863 500 1932 573 stne
1956 504 2207 601 tnrp'itttdit'te'&

371 664 377 677 ,
442 600 496 696 effe
517 602 652 671 lramt'ors
678 603 848 669 admodum
874 603 970 665 radas
993 590 1035 681 85
1057 594 1218 690 ogrrstcr,
1242 596 1302 689 qui
1351 600 1564 693 improbitate
1593 600 1697 690 accipi
1721 596 1773 665 uel
1804 598 1880 669 fieri
1907 622 2104 699 nequeunt,
2135 606 2206 679 haul

443 724 495 771 res
517 702 582 770 olio
605 701 750 783 comior,
776 722 870 793 quam
885 693 948 782 [aa
973 717 1009 761 ac
1025 696 1163 785 propria
1191 696 1303 787 adprl·
1349 698 1514 793 principes
1540 718 1609 765 non
1632 698 1818 770 admittant.
1880 702 1927 789 a.)
1942 706 1983 771 st
2008 700 2097 791 julla
2123 705 2205 779 bello

444 796 512 871 lore
533 798 711 891 nescirent,
728 796 952 891 scdscaplroat
962 791 1118 887 scapham
1134 804 1300 865 oocorrul.
1347 798 1433 889 capti
1465 792 1611 864 ltollium
1636 792 1770 864 caolilia
1793 802 1826 865 dt
1851 816 1968 867 areaua
1996 802 2207 901 patefaciant,

445 894 594 970 Camillus
616 896 682 965 ludi
703 895 837 965 lircrarii
856 898 1047 987 tttagillrum
1062 894 1250 986 principum
1265 888 1303 959 fi·
1348 892 1455 963 audiri
1477 896 1619 961 otttuiua
1641 886 1781 985 pofftmt.
1814 894 2127 983 r.Satu.XitX,15‚
2150 888 2207 975 sgr.

423 996 506 1069 ,lias
528 1001 612 1065 iuret·
631 987 791 1061 l’ltalilcoe
812 992 851 1061 ad
869 986 900 1059 se
918 992 1137 1059 adducentem
1153 988 1303 1059 uiudlum
1350 1014 1409 1061 rur
1436 992 1628 1059 Arualeltitn
1653 1008 1793 1085 accepto
1816 996 1905 1086 prius
1927 1016 1944 1059 a
1970 996 2102 1068 Davide
2126 996 2207 1093 jura·

442 1100 596 1192 pueris&
613 1092 722 1185 flagris
740 1087 930 1159 credendum
954 1089 1105 1171 tradidit,
1135 1093 1168 1157 &
1185 1086 1226 1157 ad
1243 1091 1304 1155 ho·
1348 1109 1486 1170 mento,
1511 1092 1599 1185 qood
1619 1089 1722 1182 ipsum
1747 1112 1803 1159 occ
1826 1094 1986 1173 accidere,
2014 1122 2076 1165 rm
2100 1100 2132 1169 t'a
2148 1126 2209 1171 mn·

443 1196 504 1263 iles
525 1189 657 1262 neuuilit.
685 1190 793 1257 Livius
818 1187 873 1257 tib.
890 1190 930 1262 V,
948 1184 1066 1255 deor.
1095 1188 1222 1279 Pyrrhi
1238 1210 1302 1254 mr·
1348 1210 1410 1257 uter
1435 1192 1555 1256 damini
1568 1187 1628 1282 sui
1650 1190 1895 1273 traderemur,
1932 1192 2022 1261 ducit
2049 1196 2209 1269 Davidem
2245 1226 2248 1231 ·

442 1296 556 1368 dicer,
580 1294 636 1383 qui
658 1288 817 1355 Romanis
836 1284 1075 1383 pollicebatur,
1107 1280 1140 1367 le
1166 1289 1199 1353 iu
1226 1284 1304 1353 illo·
1349 1285 1389 1355 ad
1416 1284 1676 1356 ittualelcitarmn
1699 1290 1891 1356 exercitum.
1953 1298 2005 1377 3.)
2031 1292 2210 1367 Proditort·

442 1414 517 1460 rum
548 1392 687 1485 gratiam
714 1407 829 1477 regem
859 1378 951 1451 inum
980 1401 1131 1449 necatum
1155 1384 1226 1465 ire,
1262 1381 1302 1448 ab
1349 1382 1408 1454 bnt
1428 1407 1498 1453 uun
1524 1382 1569 1453 ell
1595 1387 1739 1453 nituimn
1768 1381 2030 1477 confidendum,
2063 1400 2216 1485 <ruarmo--

441 1486 515 1582 ἱρῆς
541 1489 611 1580 regi
640 1482 682 1551 ell
706 1485 883 1567 indicatus,
916 1496 949 1547 ut
970 1501 1012 1546 eo
1033 1476 1223 1574 diligentius
1244 1476 1302 1549 subl
1349 1502 1414 1577 que
1436 1488 1526 1551 enim
1548 1480 1625 1551 ficte
1642 1489 1675 1553 dt
1694 1480 1841 1551 litnutate
1861 1488 1974 1553 omnia
1997 1490 2039 1555 ab
2063 1488 2137 1584 iptio
2156 1518 2209 1575 cc·

440 1585 481 1655 ab
505 1609 547 1657 eo
568 1599 709 1658 caveret.
760 1580 811 1648 De
829 1582 1030 1674 imperatore
1054 1582 1173 1649 Seuera
1190 1579 1303 1647 Hero·
1348 1598 1485 1666 ruutur,
1510 1574 1647 1649 aetatu
1672 1586 1705 1649 dt
1731 1586 1881 1649 nocituro
1905 1582 1945 1651 ab
1969 1584 2044 1683 ipsus
2063 1570 2211 1661 rel'erdn.

440 1676 694 1763 dianuslcribit,
717 1676 1304 1773 quadmultoeducesNigriremuli
1348 1694 1412 1749 tur.
1464 1676 1553 1748 Nota
1582 1677 1792 1749 ell'ltissoria
1820 1680 1959 1773 Zopyri.
2011 1691 2066 1775 4)
2091 1686 2213 1785 Silpeo

439 1781 573 1875 imperii
595 1802 654 1873 pcr
670 1773 758 1845 filios
776 1776 815 1843 ad
835 1771 1020 1869 prodendas
1042 1778 1109 1863 ejus
1128 1798 1178 1844 res
1195 1778 1304 1868 impu·
1348 1774 1393 1843 ott
1401 1827 1412 1861 ‚
1441 1776 1669 1845 hollesuollra
1690 1782 1876 1873 integritate
1893 1786 1925 1850 dt
1939 1782 2208 1859 huntanitatede.

439 1877 536 1961 ierit,
568 1873 689 1944 deinde
720 1871 891 1969 postquam
920 1895 1038 1940 eorum
1063 1896 1165 1967 opero
1187 1866 1303 1941 abusus
1347 1870 1439 1943 liniri
1465 1871 1576 1969 polle,
1612 1874 1799 1970 proditores
1823 1872 1897 1971 ipfis
1926 1886 2140 1971 rernitteodi‚
2178 1892 2209 1959 ᾱ

440 1970 539 2061 esset,
571 1969 689 2067 suaque
713 1977 827 2040 omnia
853 1996 895 2041 ex
918 1964 1073 2040 sententia
1098 1964 1303 2065 cornpasuil-
1347 1967 1488 2064 perfidia
1505 1964 1651 2067 ipsorum
1667 1969 1912 2045 manifestanda.
1962 1980 2208 2067 cortiliorum!

437 2068 504 2159 set,
532 2068 617 2167 ipsos
640 2070 825 2165 liberosque
846 2072 1022 2137 necaverit.
1073 2068 1158 2137 Nam
1179 2089 1214 2137 ut
1229 2066 1300 2164 pul·
1346 2070 1477 2161 Pyrrho
1497 2072 1666 2140 medicum
1690 2068 1900 2165 proditorem
1919 2078 2128 2169 iudicarent,
2155 2100 2211 2179 pax

438 2196 496 2243 cre
517 2170 652 2239 adnutat
677 2168 865 2237 Plutarchus
885 2169 918 2234 in
942 2169 1006 2234 vita
1026 2165 1182 2243 Romuli:
1216 2170 1300 2273 Qui·
1346 2166 1589 2265 interipsosdt
1611 2168 1794 2263 regemetl
1816 2165 2000 2251 consecuta.
2057 2176 2109 2275 ς.)
2137 2172 2209 2257 Pro.

439 2292 566 2366 cunque
592 2268 809 2361 improbarum
844 2266 956 2362 aliqua
985 2264 1021 2332 ia
1047 2269 1176 2361 negotia
1199 2290 1300 2355 opera
1345 2266 1489 2352 ditores,
1514 2268 1654 2365 quinos
1679 2272 1713 2337 dc
1735 2272 1873 2361 patriam
1898 2270 2047 2345 nostram
2067 2272 2211 2351 hallibur

438 2380 601 2446 ertantur,
643 2388 749 2439 amors
777 2369 883 2451 rodem
913 2362 1072 2454 adversm
1102 2388 1156 2434 eos
1179 2364 1299 2458 odfelli
1344 2368 1516 2463 produnt,
1540 2368 1633 2461 gravi
1653 2361 1816 2461 supplicia
1836 2366 1940 2463 digni.
2178 2382 2181 2387 '

429 2469 515 2566 saal
535 2470 648 2541 moda,
664 2466 752 2563 sicul
769 2464 823 2540 iti,
848 2465 905 2558 qui
926 2466 1016 2532 airus
1033 2474 1090 2531 aul
1099 2464 1156 2556 fel
1177 2467 1218 2532 ab
1239 2460 1299 2535 oli·
1878 2534 1882 2541 ,
2246 2531 2250 2555 ,

440 2594 504 2664 prro
527 2566 622 2655 bestia
645 2574 765 2657 petunt
776 2614 786 2648 ,
813 2564 932 2657 quiippe
949 2559 1039 2654 usam
1060 2565 1093 2631 in
1114 2566 1299 2655 arripienda
1386 2563 1425 2657 5
1441 2560 1678 2635 CCCCXXV.
1705 2560 1874 2658 Quaeritur
1892 2560 1954 2661 V.)
2004 2564 2127 2665 {pm
2150 2592 2210 2675 „sn
2247 2616 2250 2625 ·

439 2690 475 2737 ra
499 2678 631 2757 gratnm
658 2685 725 2732 tam
758 2662 920 2737 labeant,
955 2662 1109 2729 rnaliliam
1135 2662 1237 2748 bestie
1264 2686 1299 2732 rr
1347 2670 1403 2733 Aa
1428 2663 1507 2757 tosus
1535 2663 1686 2730 tormenti
1712 2657 1829 2750 bellici,
1868 2666 1958 2757 qaod
2003 2688 2205 2737 raroremoruu

435 2754 569 2860 parocia
603 2767 752 2835 aderant.
819 2756 951 2832 Flavius
975 2755 1134 2854 Vopiscus
1155 2754 1302 2832 recenset
1347 2763 1552 2832 baubariam
1582 2770 1719 2835 vacant,
1735 2762 1785 2855 stt
1806 2764 1952 2854 prodar·
2001 2746 2163 2815 mm*

438 2861 611 2957 epillulam
642 2858 808 2929 Aureliani
840 2861 1050 2955 imperatoris
1075 2856 1116 2926 de
1143 2856 1303 2928 Heracle·
1347 2859 1431 2931 duri
1464 2854 1958 2929 Deiuventoreiltiusdiverfa
2002 2832 2204 2911 mmm·

429 2985 540 3031 utnno
569 2961 678 3054 patria
707 2956 900 3054 proditore:
942 2961 1050 3029 Occidi
1079 2958 1183 3052 possitr
1203 2958 1301 3051 sum,
1347 2958 1514 3029 auiuerlis
1536 2952 1718 3026 traduntur.
1745 2954 1957 3047 polutum.

437 3060 525 3156 cirjus
541 3059 630 3153 quast
646 3054 794 3147 beneficia
812 3054 985 3147 'sliunicam
999 3060 1114 3148 recepi.
1167 3066 1233 3151 Ego
1249 3083 1300 3127 or-
1347 3060 1445 3149 gilius
1460 3056 1518 3125 lib.
1533 3056 1573 3124 ll.
1593 3052 1635 3122 de
1649 3076 1712 3122 rer.
1733 3058 1857 3125 invent.
1879 3080 1909 3129 c.
1928 3070 1962 3133 6.
1985 3048 2097 3127 scribit
2114 3058 2208 3129 bam·

437 3184 475 3229 ra
497 3162 696 3250 proditorem
720 3178 829 3223 acrore
850 3157 1053 3244 translatori,
1093 3151 1139 3225 Θ
1164 3157 1301 3225 libenter
1348 3149 2032 3237 bardamnovitiuminllcumentuntelle,
2057 3164 2207 3230 dtaGrr·

436 3266 518 3331 talc,
547 3260 718 3348 quadram
740 3256 853 3320 milites
871 3255 1071 3336 acciderant,
1098 3260 1297 3346 nequeenim
1346 3276 1438 3322 raouo
1460 3254 1583 3322 dalaiae
1603 3253 1740 3343 ignobili
1760 3274 1950 3344 repertum,
1975 3274 2079 3345 quern
2098 3255 2131 3323 id
2149 3278 2205 3349 pra

437 3348 512 3419 milri
528 3354 628 3443 sideru
646 3352 786 3442 servare
809 3346 982 3441 potrnffet,
1008 3354 1064 3444 qui
1089 3354 1204 3443 patrie
1231 3378 1297 3423 troo
1345 3358 1499 3419 mercede
1523 3344 1678 3441 accepitle
1706 3353 1768 3432 ait,
1802 3364 1837 3417 ut
1857 3372 1983 3419 ttornen
1999 3348 2074 3441 'ejus
2095 3376 2206 3445 perpe·

433 3452 590 3543 pepercit.
655 3449 823 3521 Brennus,
863 3447 977 3514 (ialliae
1008 3472 1085 3535 rex,
1136 3475 1213 3520 cum
1245 3476 1296 3518 va.
1344 3446 1663 3527 tuouccultaretur,
1694 3448 1794 3541 idque
1816 3453 1849 3517 iu
1876 3450 1966 3516 huuc
1991 3428 2205 3541 trequett‘iem
2248 3534 2250 3539 Ι

436 3546 552 3616 ssattdo
577 3544 683 3615 cistam
702 3540 869 3637 Ephesum
893 3540 1107 3639 pervcnitict,
1132 3547 1231 3617 callra
1252 3550 1297 3623 ibt
1345 3548 1506 3637 igriorari.
1575 3544 1720 3625 Quidam
1755 3546 1964 3615 contendunt
1992 3550 2206 3623 inventiam

356 3728 359 3737 ¹
433 3668 571 3717 ructatus
592 3642 799 3729 ‘praelinitum
825 3666 942 3737 pugna
970 3647 1059 3713 diem
1081 3639 1295 3739 exspec‘labat.
1344 3642 1430 3717 illias
1463 3642 1522 3741 effe
1552 3643 1725 3727 aetoliam,
1761 3642 1855 3715 usum
1880 3646 2043 3715 duntaxat
2071 3670 2206 3725 renora-

435 3748 563 3815 lnterca
584 3744 710 3838 plebeia
725 3740 874 3835 quaedam
896 3746 993 3836 virgo
1015 3749 1152 3813 nomine
1171 3750 1297 3818 Demo.
1342 3761 1425 3815 trun.
1466 3742 1608 3829 Majalus
1638 3747 1672 3811 itt
1705 3742 1819 3811 diebus
1847 3746 1988 3815 canicul.
2019 3744 2151 3843 colloq,
2175 3774 2204 3825 t.

433 3848 519 3918 uice,
548 3866 664 3911 aruore
690 3839 817 3908 barbari
842 3856 932 3931 capta
961 3841 1166 3933 prodituram
1187 3838 1218 3911 se
1239 3844 1297 3938 ipsc
1344 3866 1375 3934 p.
1397 3868 1451 3910 20.
1476 3842 1826 3915 exzouaraecommt.
1851 3846 1887 3913 E
1914 3844 2077 3938 Tyberini
2099 3846 2204 3941 pasin·
2238 3834 2243 3843 ¹

432 3938 613 4036 Ephesum
632 3934 801 4033 promisit,
829 3934 849 4003 li
866 3955 1000 4031 torques
1020 3945 1053 4009 dt
1076 3944 1215 4009 monilia
1233 3969 1295 4038 pro
1344 3942 1390 4009 rir
1418 3937 1570 4025 ortosell
1593 3940 1748 4011 Amulius
1781 3939 1872 4009 lroma
1889 3939 2080 4034 saperdas,
2108 3946 2205 4043 seque

432 4040 587 4109 mercede
617 4039 792 4119 darentur,
820 4034 857 4100 ad
880 4035 963 4105 hanc
986 4036 1130 4106 Brennus
1149 4042 1181 4107 in
1202 4066 1295 4111 certo
1340 4063 1403 4130 pra
1428 4048 1496 4110 Dra
1527 4042 1695 4107 arrrditore
1721 4038 1838 4125 ausus,
1881 4032 2028 4133 quierem
2054 4044 2205 4117 maedieit

433 4137 513 4209 loco
544 4132 721 4229 sttscoptom
750 4130 895 4201 subditos
925 4130 1037 4215 duxit,
1077 4139 1294 4234 &quidquid
1342 4142 1529 4233 qtetdusduat
1552 4140 1702 4204 tonitrua
1725 4140 1902 4212 tonitruis,
1924 4138 2072 4234 fulgetra
2085 4146 2204 4243 fulg·-

430 4236 590 4306 haberent
606 4234 694 4316 auri,
722 4234 754 4298 in
774 4233 940 4325 gremium
960 4253 1062 4299 avarae
1079 4238 1294 4326 conjicerent,
1342 4240 1432 4305 rilms
1446 4238 1606 4329 referret,
1632 4259 1668 4301 ue
1682 4234 1828 4328 fulmina
1844 4236 2072 4330 jacularetur,
2089 4244 2209 4339 subita

431 4334 624 4425 inperauit,
652 4336 803 4423 quicum
827 4330 1005 4492 imperium
1030 4328 1294 4423 exsequerentur,
1342 4338 1559 4403 inundatione
1572 4335 1715 4424 paludis,
1740 4338 1783 4402 ad
1797 4336 2084 4427 quamloln'tnlrat,
2095 4344 2203 4435 periit.

429 4433 707 4524 Dmumtceprae
730 4432 798 4494 auri
821 4430 852 4492 in
883 4427 1060 4515 ecoojettt
1083 4427 1295 4502 multitudine
1342 4430 1394 4502 De
1417 4434 1540 4503 Parthis
1565 4436 1700 4517 'lartais,
1734 4425 2040 4523 rcx‘Scytharuum
2074 4444 2109 4509 in
2137 4444 2203 4537 epl-

430 4536 461 4599 ὅ(
482 4534 639 4623 grauitate
658 4531 767 4594 vivens
786 4522 829 4591 ett
854 4523 980 4592 obruta.
1037 4524 1130 4596 l'lura
1150 4528 1296 4621 ejusmo-
1343 4532 1423 4599 ttota
1445 4534 1483 4599 ad
1509 4535 1695 4611 vexarem,
1721 4529 1957 4623 AEgu'ptiortun
1982 4558 2102 4629 regem
2128 4534 2205 4610 scri·

430 4628 462 4694 di
487 4634 603 4715 punitae
629 4628 829 4716 proditionis
849 4646 885 4688 ac
904 4620 1050 4712 perfidiae
1071 4627 1221 4721 euetupla
1242 4654 1291 4697 re·
1344 4628 1408 4713 bit,
1435 4634 1524 4723 quod
1535 4630 1680 4722 frngaflr
1704 4628 1785 4719 ottstr
1799 4630 1833 4695 r'n
1854 4640 1980 4701 toaclam
1999 4633 2203 4729 &sonitum

428 4721 558 4793 cet-ient
576 4724 771 4812 'Luiugcrus
793 4726 826 4787 iu
846 4722 994 4805 theatro,
1024 4728 1056 4792 dt
1080 4725 1291 4793 Camerarius
1341 4732 1483 4798 iorcrtrui
1500 4728 1600 4816 lcajlrs
1611 4726 1721 4819 scrire
1741 4728 1859 4817 procul
1872 4732 2114 4821 consueuerint,
2141 4742 2203 4807 lre·

429 4823 482 4891 lib.
505 4825 526 4889 l.
556 4814 752 4913 sucrificap.
776 4842 806 4899 7.
837 4821 930 4911 Quid
954 4842 1038 4911 ergo
1061 4818 1291 4901 llatuenduut?
1340 4830 1432 4893 nicus
1466 4824 1520 4893 lib.
1543 4824 1600 4895 lV.
1629 4822 1756 4920 exegel'.
1780 4825 1937 4900 German.
1962 4854 2112 4927 capno.
2149 4834 2203 4933 Ja·
2248 4818 2250 4823 Ι

432 4925 486 5015 r.)
509 4923 594 5005 tem,
622 4942 675 5015 qut
701 4916 826 4986 cende
848 4940 884 4985 ac
910 4909 1067 4987 scelerate
1093 4916 1167 4989 talia
1197 4920 1289 4995 defc-
1337 4916 1457 5020 sepltus
1484 4922 1539 4994 tib.
1559 4922 1617 4996 ttt.
1643 4926 1685 4991 de
1708 4921 1796 4993 belm
1812 4928 1890 5011 jud,
1910 4951 1982 5027 cap,
2000 4958 2035 5014 9,
2062 4942 2204 5005 mentio·

2129 5055 2204 5109 nelli
