4842 5859
417 344 466 425 aa
542 285 889 468 inoperta.
931 352 1064 472 rans
1088 350 1141 433 tr.
1179 312 1374 424 cerva
1400 342 1490 425 vtt.
1529 344 1742 424 scorto
1769 345 1810 421 v.
1840 302 2105 426 tranunt.
2152 350 2157 355 ·

367 613 376 628 .
479 534 512 627 ᾗ.
538 533 677 615 ccvii.
731 541 779 628 a.)
805 539 975 609 Petierunt
1006 529 1190 605 concilium
1224 532 1302 603 lile·
1338 530 1434 613 dere,
1458 540 1579 628 angere
1599 527 1852 625 &promovere
1871 528 2003 600 curabo.
2066 525 2212 628 Regula!

429 651 514 703 rura.
564 635 928 734 AtquiTridantinum'
945 632 1128 705 concilium
1145 655 1216 700 non
1237 629 1303 701 fuit
1328 630 1525 727 saniiorum
1551 633 1711 731 Petram,
1762 632 1913 704 decreta,
1956 629 2205 715 ordinatinem,

430 725 586 802 liberum.
638 734 676 803 In
696 739 845 808 concilio
865 735 972 804 libero
993 753 1070 803 vota
1094 725 1299 801 debeatetit
1320 732 1536 826 sententiar,
1572 729 1816 826 dispofitiancr,
1850 726 2104 820 reservationee,
2125 752 2209 822 pro.

308 902 310 908 ,
431 824 556 914 libera,
594 829 627 901 id
652 856 736 906 vero
756 841 791 907 in
807 832 1015 906 Tridentino
1033 850 1200 901 conventu
1227 852 1298 898 non
1338 829 1702 931 assoner&mandata
1724 829 1898 922 apostoliea
1919 828 2208 899 totisviriictai·

429 922 495 998 fuit
519 927 725 1023 permilTum.
767 935 893 1004 i‘robo
916 935 983 1002 hoa
1017 932 1067 1018 a.)
1091 931 1144 997 Ex
1163 931 1295 1025 querela
1329 933 1499 1028 servabo,
1546 927 1592 1003 65
1613 932 1741 1026 saciata
1774 930 1993 998 cloaribus
2024 925 2207 1016 observari.

431 1029 519 1123 regis
536 1024 699 1101 Galliaitt
715 1032 837 1103 eodem
851 1032 983 1128 publice
1003 1030 1125 1101 andita.
1173 1032 1296 1096 lnora·
1341 1033 1536 1106 Heretieor,
1553 1029 1777 1123 schismaticos
1797 1028 1840 1113 Εῇ
1860 1021 2130 1097 rebellestlomino
2146 1051 2206 1098 m.

430 1128 525 1195 tione
543 1122 758 1218 syttodiaa'T
761 1129 883 1202 ridenti
910 1160 943 1213 4·
963 1129 1052 1221 Sept.
1076 1149 1165 1195 anno
1192 1139 1298 1207 ¹⁵⁶2·
1333 1131 1402 1222 ssro
1420 1149 1532 1224 papa,
1553 1154 1620 1223 pro
1637 1128 1724 1224 poffe
1738 1125 1917 1223 persequar
1933 1123 1981 1199 Θ
1993 1130 2209 1224 impugnata.

428 1216 498 1294 suff.
514 1225 573 1319 lV.
600 1250 716 1300 coram
738 1231 883 1327 patribus
907 1231 1046 1298 nomina
1069 1229 1157 1319 regis
1178 1223 1296 1294 Galliae
1340 1229 1378 1300 Id
1406 1232 1629 1320 juramentum
1655 1253 1731 1299 cum
1748 1250 1817 1297 non
1831 1225 1935 1296 fuerit
1954 1223 2101 1321 patribus
2121 1248 2208 1296 con·

428 1325 562 1392 recitata
581 1325 651 1395 haec
665 1330 847 1399 habentur:
872 1327 993 1419 Nostra
1015 1336 1213 1420 patrumque
1232 1347 1293 1395 no·
1340 1327 1411 1399 cilii
1427 1327 1619 1398 Tridentini
1640 1326 1842 1411 relaxatum,
1868 1319 2207 1421 acquireredatipsoe

418 1419 567 1516 strorunr
594 1421 641 1496 65
663 1452 802 1500 auorum
821 1423 1136 1520 nemoriaspaador
1154 1424 1296 1495 indilias
1339 1425 1394 1498 vel
1418 1427 1556 1497 minima
1579 1424 1722 1522 quadam
1747 1428 1781 1493 in
1802 1448 1840 1495 re
1866 1441 1982 1509 contra
2005 1421 2208 1518 pontificem

283 1578 286 1591 .
420 1518 544 1616 fuiffe,
568 1524 733 1620 episcopor
755 1523 958 1623 conuenisse,
986 1528 1142 1595 maximos
1155 1525 1189 1594 in
1209 1526 1296 1597 Ger·
1339 1523 1522 1624 quidquam
1537 1522 1756 1600 decreturos?
1780 1524 1817 1593 ln
1834 1521 2092 1619 paralipomenis
2103 1522 2209 1594 chro-

427 1623 537 1691 marcia
553 1635 653 1719 atque
673 1629 775 1699 Italia
796 1630 973 1700 rort’aratas
991 1622 1146 1719 paraliae
1155 1623 1296 1719 selenus,
1339 1629 1405 1696 uici
1425 1620 1655 1720 Vrspergeniit
1677 1626 1833 1693 recitatur
1856 1621 1985 1692 dilium
2004 1621 2117 1692 AEneae
2133 1620 2210 1714 Syl·

299 1755 301 1758 ·
426 1722 485 1790 trix
500 1733 607 1792 tanen
624 1720 728 1821 ullus,
753 1738 813 1797 aut
835 1727 1039 1823 perexiguus
1062 1727 1137 1796 inde
1153 1726 1157 1730 ’
1156 1721 1296 1818 stulius
1337 1729 1387 1793 rii
1408 1727 1422 1808 (
1433 1722 1543 1820 polica
1564 1724 1611 1791 Pii
1626 1727 1668 1794 ll.
1688 1718 1855 1817 pontilicis
1873 1722 2017 1790 Rotnani
2025 1724 2045 1810 )
2069 1716 2207 1817 quodii

427 1818 659 1909 eleriftr'aaiiali
674 1823 821 1916 toaliilil.
873 1826 965 1898 Nolo
980 1822 1139 1917 subtilius
1161 1826 1196 1894 in
1220 1846 1296 1893 raa·
1336 1822 1503 1916 episeopus
1514 1841 1606 1915 pape
1624 1823 1829 1892 contradicat
1850 1822 1947 1888 ctiam
1969 1843 2048 1893 vera
2069 1824 2209 1918 loqueu-

416 1917 480 2012 fas
499 1922 690 2016 inquirere,
709 1928 783 1996 nola
805 1947 952 1996 rumores
972 1934 1148 2019 uentosque
1167 1916 1296 2020 collige·
1340 1927 1400 2008 do,
1433 1921 1643 1992 niliiaaiaar
1668 1933 1781 1991 eontra
1801 1922 2024 2015 juramentum
2054 1917 2210 2014 pontifici

424 2040 479 2103 re,
505 2016 564 2090 ltoc
574 2026 817 2115 pretermittere
842 2032 927 2096 certe
949 2047 1016 2096 non
1030 2021 1177 2122 paffenr,
1204 2024 1294 2117 quod
1335 2019 1633 2115 prullitumprceet.
1657 2018 1667 2035 ⁹
1686 2021 1874 2117 Qiomodo
1893 2022 1995 2115 igitur
2010 2017 2051 2088 ab
2070 2018 2138 2120 illie
2150 2042 2235 2117 pac

368 2129 372 2141 ’
424 2139 574 2203 ωπον,
590 2144 630 2191 ne
652 2125 748 2193 nimis
764 2126 808 2194 ad
828 2125 1098 2218 reuponticum,
1122 2126 1212 2219 quod
1239 2123 1296 2191 nri·
1339 2130 1388 2216 pa
1409 2123 1582 2212 mancipiis
1604 2117 1758 2190 ecclcsiae
1769 2115 1971 2187 reformatio
1991 2124 2025 2191 dt
2047 2140 2206 2191 errorum

423 2213 654 2312 reuelegitiraa{
680 2217 1220 2316 minusueliberasaiffedieaaltrr
1236 2215 1300 2292 illa·
1338 2215 1537 2318 redargutio
1568 2215 1746 2312 exspeliari
1773 2214 1910 2309 potuit?
1960 2223 2007 2302 c.)
2025 2217 2077 2286 Ex
2100 2214 2204 2310 praxi

423 2317 569 2388 eoncilia.
608 2395 610 2398 y
624 2322 694 2414 Qui
710 2325 869 2410 aderant,
895 2325 938 2392 ad
949 2323 1147 2391 uoluntatem
1156 2323 1292 2390 alterius
1336 2317 1431 2412 ipsa,
1457 2324 1548 2409 cujus
1564 2314 1679 2386 testem
1693 2310 1871 2387 αὐτόπτην
1886 2315 2104 2411 producimus
2122 2318 2205 2387 Ver·

239 2416 241 2421 ’
347 2440 351 2446 ·
411 2408 546 2508 semper
557 2418 842 2516 adloquebantur,
877 2433 937 2491 aut
955 2422 1289 2512 poliasadnuer‘ttnt,
1339 2421 1498 2522 getium,
1533 2419 1645 2511 quiin
1668 2413 1758 2509 epist.
1786 2415 1827 2483 ad
1848 2438 1964 2511 regem
1988 2414 2139 2485 Puloniae
2160 2414 2205 2486 sta

421 2522 488 2610 q'ua
515 2538 551 2583 re
566 2515 656 2591 nulla
680 2522 715 2590 in
723 2519 875 2621 judiciis
892 2519 1126 2616 pernicique,
1160 2516 1291 2591 nullave
1333 2514 1446 2586 laribit
1468 2538 1502 2611 p.
1522 2540 1600 2596 ¹¹9.
1640 2518 1715 2613 Ego
1739 2510 1860 2584 nullane
1884 2516 1981 2584 alian
2008 2514 2203 2614 obtrusum

416 2616 598 2706 capitalior
626 2613 685 2714 effe
706 2618 823 2714 potest.
886 2624 1019 2715 litquae
1042 2614 1114 2689 suat
1135 2616 1190 2690 illa
1209 2642 1291 2688 con·
1329 2617 1388 2710 fai
1407 2640 1446 2686 erc
1474 2609 1529 2686 illa
1546 2612 1899 2712 synagogarejriias,
1941 2603 2107 2710 tristicia
2132 2636 2202 2687 eura

337 2778 339 2782 .
421 2714 497 2781 cilia
520 2712 629 2784 nossra
649 2740 687 2791 aa
709 2737 841 2813 patrum
863 2721 1029 2790 tttemoria
1048 2716 1191 2806 iudidio,
1227 2714 1287 2788 nist
1333 2718 1368 2785 in
1389 2716 1581 2800 Germania,
1608 2728 1645 2784 ut
1668 2721 1806 2782 duorum
1828 2737 1994 2806 paparum
2022 2715 2204 2788 internite-

421 2812 516 2880 laltia
532 2811 729 2887 Tridentini
756 2840 846 2889 anno
867 2830 971 2902 1546.
991 2822 1023 2889 ὰ
1052 2842 1155 2899 ¹55¹·
1179 2812 1290 2893 facia?
1333 2817 1402 2884 elur
1426 2810 1633 2907 aliquamdiu
1645 2809 1798 2908 faiffcm,
1833 2811 1877 2898 65
1895 2811 2024 2908 eausam
2051 2813 2135 2886 iane
2149 2825 2204 2887 ul·

288 2979 290 2983 ,
379 2906 548 2980 2Flaeius
571 2911 613 2982 de
634 2909 703 2984 diff.
723 2915 846 3005 pontif.
874 2940 904 3012 p.
929 2927 1007 2992 186.
1060 2914 1112 3004 b.)
1140 2915 1189 2984 Ex
1208 2917 1288 3010 sor·
1331 2908 1866 3008 tuaqueintelligerem‚sulpicio
1887 2926 1979 2992 erat,
2005 2935 2136 2984 nerent
2151 2926 2215 2987 la·-

416 3011 508 3079 nrula
522 3008 722 3103 juramenti,
758 3038 827 3111 quo
848 3011 1048 3096 cardinales,
1085 3008 1230 3107 episcopi
1252 3019 1285 3084 dt
1331 3023 1395 3082 tarn
1407 3010 1631 3107 prabeaaffe,
1654 3013 1698 3098 Εῇ
1715 3008 2023 3110 ejasiagraileffe,
2048 3014 2202 3110 atsaeile

418 3104 566 3202 praelati,
599 3107 862 3206 quibussolisin
885 3107 1031 3181 concilio
1056 3132 1124 3180 voit
1144 3108 1285 3180 decisrva
1320 3114 1462 3210 fluerem
1481 3112 1560 3182 rnilei
1580 3137 1600 3180 a
1622 3107 1788 3184 nonnullis
1808 3109 1963 3205 episcopis
1981 3111 2200 3206 persuaderi,

417 3205 640 3298 relinquitur,
675 3209 826 3305 pontifici
847 3205 919 3278 sunt
943 3205 1098 3283 adssridii.
1151 3207 1286 3280 Exstant
1329 3226 1365 3281 at
1382 3222 1495 3281 contra
1508 3234 1629 3304 papam
1646 3231 1723 3280 voce
1735 3215 1905 3302 preirent,
1934 3208 1980 3283 65
1994 3215 2096 3282 aelati
2112 3217 2200 3285 alana

397 3318 483 3372 tres
508 3300 596 3373 illins
618 3310 795 3393 iuramenti
813 3300 988 3379 formula:
1019 3311 1127 3401 prima
1145 3305 1310 3390 habetnt‘
1324 3311 1524 3408 sternerem,
1550 3335 1588 3381 ae
1609 3313 1771 3380 duntaxat
1789 3322 1928 3402 propter
1940 3310 2031 3401 istan
2033 3310 2203 3408 suspicio·

416 3402 451 3469 in
471 3398 691 3475 decretalibus
713 3431 783 3505 cap.
806 3411 882 3505 Ego
901 3412 939 3476 de
958 3408 1096 3504 jurejur.
1114 3407 1216 3477 altera
1231 3432 1287 3478 ex·
1331 3432 1402 3483 nrm
1432 3410 1593 3506 ejiciebar.
1659 3405 1907 3479 Excludelratur
1932 3409 2005 3504 post
2036 3435 2085 3480 rne
2114 3406 2201 3482 aliut

415 3495 475 3569 flat
495 3502 530 3568 ia
552 3498 755 3596 pontificali,
782 3507 838 3577 ubi
860 3507 902 3576 de
925 3507 1138 3576 ordinatione
1159 3505 1286 3601 epilao·
1330 3515 1604 3608 quoquc‚nempe
1616 3503 2108 3603 JacolrusNaelriantes,Foffae
2124 3509 2200 3585 Cla·

415 3598 597 3695 piagitur.
660 3603 815 3676 Tertiam
840 3601 1031 3675 secretarius
1055 3602 1144 3676 Pauli
1163 3607 1218 3676 tv.
1249 3609 1284 3676 in
1330 3610 1661 3706 dlcſsoeCIagieafls
1681 3606 1861 3701 episcopas.
1914 3613 2088 3682 Cumania
2110 3614 2203 3706 lege·

415 3696 479 3769 tlt.
493 3698 550 3766 111.
570 3705 603 3769 in
620 3705 742 3775 concii.
759 3706 884 3776 decret.
899 3729 982 3776 arm.
995 3702 1130 3797 imperf.
1144 3733 1200 3788 90·
1217 3705 1284 3774 ito-
1330 3722 1423 3779 relur
1444 3712 1603 3778 decretum
1628 3714 1727 3778 tertie
1738 3708 1903 3803 stffioar'r,
1934 3712 1989 3802 pie
2009 3705 2056 3801 65
2066 3709 2202 3802 suarna

331 3851 339 3855 ..
415 3818 479 3864 mae
506 3796 631 3870 exliare
648 3804 757 3889 dicit,
798 3827 870 3897 quae
890 3801 1027 3896 reliquis
1051 3807 1085 3873 dt
1109 3802 1284 3875 ordior&
1329 3807 1484 3894 modestia
1509 3811 1620 3890 dixin
1634 3809 1702 3904 fill
1727 3813 1813 3878 dara
1839 3809 2089 3892 uideriuerlra,
2117 3834 2199 3879 rate·

415 3893 546 3964 audior
571 3897 638 3982 eli,
680 3904 713 3969 in
742 3923 779 3968 ea
807 3903 897 3969 enim
924 3903 974 3970 itis
1001 3905 1126 3991 juratur
1154 3901 1283 3972 uerbis:
1330 3914 1424 3977 litata
1439 3908 1563 3999 scilieet
1587 3930 1626 3975 ex
1642 3931 1713 3997 cap.
1735 3903 2200 4001 Ecclefialiiearurn&e.dili·

318 4022 323 4028 ·
399 3995 580 4084 *Populum
604 4007 778 4069 Romanurn
799 3996 846 4071 65
863 4001 990 4095 regalia
1009 4003 1049 4090 ι8.
1074 4001 1169 4071 Petri
1189 4004 1284 4096 adju·
1332 4033 1385 4077 tt.
1412 4009 1446 4075 ia
1470 4007 1790 4100 quibusmultum,
1824 4010 1935 4101 eadent
1948 4011 2082 4101 pietalis
2101 4008 2200 4102 adse·

219 4097 225 4104 '
289 4127 293 4147 ι
411 4102 468 4161 tor
487 4116 541 4160 ero
561 4101 828 4168 adretirtrndurn
847 4095 894 4171 65
911 4100 1282 4191 defendendumeontra
1329 4105 1382 4177 lia
1407 4127 1444 4174 ae
1470 4107 1652 4174 reuerentia
1672 4107 1900 4202 suscipiendas
1927 4128 1966 4179 ae
1990 4112 2199 4179 venerandas
2241 4175 2246 4183 ,

385 4214 534 4273 „ornnem
556 4193 713 4266 laminam
722 4199 827 4295 jura,
854 4199 1013 4284 lunares,
1041 4196 1216 4296 privilegia
1235 4197 1282 4273 65
1323 4201 1382 4300 effe
1395 4207 1609 4286 traditiones,
1637 4229 1702 4298 prta
1718 4207 1884 4300 ipsammet
1900 4209 2128 4305 euangelium,
2147 4207 2200 4277 ui·

412 4289 820 4380 aufloritalearRomanae
844 4296 994 4392 ecclesie,
1029 4301 1153 4369 domini
1174 4299 1280 4391 oasin·
1326 4301 1571 4399 ltilenr'raeffe,
1599 4312 1765 4398 quodcum
1785 4301 2199 4402 euangelioeouserriuliv

404 4411 503 4484 pape
523 4388 795 4494 &sucrcfforara
815 4399 904 4495 ejus,
927 4394 1136 4499 conseruare,
1166 4399 1280 4495 desen-
1322 4408 1417 4476 modo
1425 4404 1541 4498 poffit,·
1581 4408 1634 4477 Ar
1651 4409 1814 4476 duntaxat
1825 4417 1968 4501 propter
1983 4408 2041 4479 lror
2060 4404 2198 4502 effatum

642 4521 644 4524 ’
1090 4591 1093 4598 .
2091 4499 2200 4600 jaffos

491 4623 521 4680 iu
531 4616 655 4700 generali
664 4614 770 4712 synodo
778 4619 894 4701 septima
909 4617 1051 4698 defirritutn
1065 4617 1132 4700 ff.
1151 4623 1279 4682 traditio·
1395 4615 1525 4691 'ditiones
1537 4647 1587 4717 pro
1605 4628 1687 4690 verba
1711 4631 1768 4692 Dei
1782 4634 1958 4712 recipiendas.
2000 4640 2085 4702 Qattn
2095 4639 2200 4695 candi·

491 4719 538 4757 rres
553 4718 606 4756 naa
626 4697 742 4777 [capras
764 4701 930 4781 recipiendas
950 4699 1007 4780 effe.
1027 4769 1032 4778 s
1055 4708 1144 4762 Poitea
1163 4709 1282 4777 stthjicit:
1344 4766 1353 4776 ,,
1405 4719 1505 4772 tionem
1528 4728 1590 4770 anta
1616 4719 1722 4771 concilii
1747 4722 1899 4775 Tridentini
1928 4723 2064 4772 decretum
2088 4718 2199 4774 admitti

492 4775 632 4861 Quemvis
649 4783 767 4840 conditio
782 4781 836 4841 dac
858 4785 899 4840 ini
918 4801 953 4840 ua
963 4781 1018 4857 fir,
1036 4776 1113 4861 pafflr
1127 4803 1219 4842 tamen
1232 4785 1282 4867 ad·
1406 4799 1476 4867 palie
1488 4797 1630 4854 concedit,
1650 4799 1769 4851 eamdam
1782 4817 1886 4869 quoque
1899 4801 1952 4869 poli
1970 4799 2035 4851 illud
2050 4802 2200 4857 concilium

489 4862 586 4923 milti,
617 4857 698 4917 donec
714 4868 815 4922 iterum
838 4801 989 4937 largitudo
1006 4861 1197 4943 legitimandi}
1217 4863 1279 4943 effer
1401 4876 1506 4932 admitti
1526 4880 1605 4930 etiam
1624 4878 1719 4932 debore
1741 4859 1950 4935 conterminatio:
1991 4881 2070 4934 Ratio
2096 4883 2199 4950 pendet

490 4933 650 5014 definitum,
668 4959 711 4999 eas
727 4939 949 5021 recipierrdareffe
958 4958 1015 5018 pro
1028 4938 1110 5015 uerba
1122 4941 1197 5004 Dei:
1217 4945 1280 5004 binc
1406 4973 1442 5008 ex
1457 4957 1615 5027 petleftiotte
1630 4960 1764 5025 scripturae
1779 4960 1893 5027 propriis
1909 4958 2109 5029 pontificiorum
2128 4963 2200 5020 tetii·

348 5084 350 5088 .
486 5021 558 5075 enirn
578 5016 629 5093 esl.
655 5020 728 5095 quad
749 5021 894 5080 concillum
917 5020 1108 5087 'liiderrrirrum
1127 5044 1274 5104 antequam
1329 5043 1338 5065 ⁸
1405 5039 1505 5095 maniis
1522 5037 1685 5099 unitata.
1710 5041 1908 5101 Gttttttort.

483 5095 523 5157 etl
533 5094 824 5181 uliapragredrreeur.
845 5097 984 5183 definivit,
1000 5099 1273 5192 scripturatum·
