4842 5859
352 334 461 451 ¹44⁶¹
804 314 982 407 nocua
1004 260 1167 411 xmus
1195 286 1385 412 curer
1408 338 1476 417 ur.
1501 336 1657 455 sacr.
1680 344 1731 428 n,
1764 278 1768 287 ¹
1810 268 1813 279 ’

371 492 481 607 ‘'aelett
490 538 501 584 ,
518 513 595 569 auru
609 512 721 571 tamen
733 484 1028 573 Melchiadeaante
1041 501 1233 577 Silvellrurn
1258 500 1551 602 'praescriptionem
1568 514 1751 607 requiritur
1767 511 1862 581 omni
1878 511 2085 607 temperabo

294 662 299 671 ,
375 588 435 663 sub
453 593 646 668 Maximino
662 593 779 669 vixisse
799 605 833 670 in
850 588 923 671 bill.
942 599 1140 697 pontificum
1155 626 1233 700 pro·
1260 605 1365 702 fides,
1374 610 1475 680 etiem
1490 612 1525 679 in
1534 605 1781 707 praescriptione
1794 604 2085 699 immemoriali,jr

301 712 303 722 ·
355 691 486 762 betur.
514 696 566 764 Sic
586 694 1233 784 Platiua,Volaterranua,Sabellicuten·
1271 703 1591 798 tajuscaitonieum.
1641 709 1715 803 Jam
1731 732 1813 778 vero
1830 703 1982 802 pontifex
1996 702 2083 775 scieb

376 790 477 868 nead.
496 792 587 867 Vlll.
600 793 752 866 lib.Vlll.
767 800 979 867 exarchatum
988 798 1139 895 papalem
1148 805 1236 870 circa
1271 802 1341 893 (vel
1360 796 1444 874 scire
1468 803 1631 889 debebat,
1657 830 1730 902 qun
1750 809 1783 874 in
1805 806 1933 901 leg-ibus
1954 800 2085 874 causent

377 906 503 960 annum
516 891 640 961 Christi
654 913 733 968 noo.
745 918 786 964 ex
799 894 982 964 donatione
999 896 1104 991 Pipini
1122 904 1154 970 ἁ
1173 899 1237 966 Ca·
1274 904 1364 996 paria
1378 900 1400 973 Ι.
1416 910 1446 983 ς’.
1463 902 1520 971 ubi
1535 901 1601 975 bd.
1612 900 1639 972 st
1652 924 1731 974 cert.
1740 922 1804 998 pet.
1825 903 1849 979 1.
1866 908 1923 995 qui
1940 900 2083 971 fundum

380 988 446 1058 toli
462 994 574 1086 magui
592 995 724 1060 initium
740 986 886 1061 babuisse
904 993 1038 1078 dicunt,
1061 993 1239 1089 quomodo
1275 995 1306 1093 ᾗ.
1319 1023 1350 1070 a.
1368 1021 1432 1093 pro
1450 1004 1551 1092 emt.)
1566 1001 1657 1096 quod
1674 1004 1870 1096 imperatori
1886 1005 1922 1070 in
1945 999 2085 1079 detritne

377 1090 516 1181 igitura
544 1087 754 1158 Conslanrini
777 1091 984 1185 temporibus
1010 1090 1092 1162 illud
1119 1094 1240 1164 deduci
1274 1114 1345 1166 tum
1362 1102 1396 1166 ἀ
1422 1100 1679 1172 incommodum
1696 1103 1829 1195 imperii
1844 1120 1913 1168 non
1932 1094 2027 1166 liceat
2049 1094 2085 1161 ali

366 1182 512 1281 'potasli
542 1188 595 1273 ς.)
619 1185 752 1281 Regna,
779 1213 851 1280 quaa
867 1188 1103 1260 Constantinus
1126 1198 1160 1262 iu
1181 1188 1238 1261 illa
1262 1218 1362 1267 nare.
1392 1197 1631 1267 Hotomannus
1644 1223 1679 1287 q.
1694 1195 1810 1266 illullr.
1824 1198 1851 1267 l.
1868 1219 1899 1290 p.
1914 1218 1971 1271 at.
1997 1196 2085 1269 Dein

377 1288 564 1355 donatione
579 1285 734 1354 Romano
747 1283 897 1381 pontifici
912 1285 1088 1385 adsignasse
1103 1289 1236 1372 dicitur,
1267 1291 1382 1365 deficit
1392 1294 1580 1390 poffrffianis
1596 1298 1817 1378 continuatio,
1838 1296 1914 1387 quia
1929 1289 2085 1387 pontificu

348 1382 481 1479 uparrlo
503 1402 578 1451 ante
611 1407 756 1453 munem
776 1384 864 1461 ¹tiliis
884 1379 955 1455 suis
970 1386 1152 1477 distribuit,
1190 1384 1236 1456 src
1264 1386 1420 1485 polleffio
1433 1401 1532 1464 toties
1549 1398 1729 1488 interrupta
1751 1395 1813 1481 ell,
1839 1395 1969 1489 quoties
1983 1393 2085 1485 imper

248 1503 251 1511 ·
378 1485 471 1551 enim
502 1481 600 1550 habet
621 1480 712 1553 Sext.
743 1482 895 1553 Aurelius
925 1485 1143 1559 Vitiorinus:
1176 1489 1237 1559 Aa
1268 1508 1323 1558 tor
1343 1510 1513 1577 mortuus,
1539 1485 1839 1588 quisucceffori&
1865 1486 2023 1573 elinando
2047 1508 2085 1580 pr

358 1672 360 1677 Ι
378 1594 447 1655 tres
468 1586 555 1651 orbis
572 1582 714 1651 Romani
731 1586 909 1653 dominatio
933 1583 1132 1675 nannet,
1151 1588 1239 1660 Can·
1274 1588 1416 1672 iudicare
1432 1615 1502 1659 non
1521 1596 1641 1684 potuit.
1664 1590 1787 1685 Euerg.
1800 1592 1834 1657 in
1851 1565 1920 1679 top:
1936 1582 2085 1678 loa.ap!··.

378 1679 584 1767 nuntioram,
613 1678 818 1770 Contionum
850 1679 896 1753 δ’
927 1684 1171 1771 Constantium,
1188 1686 1238 1777 fi.
1271 1687 1388 1780 potell.
1405 1713 1487 1757 num
1509 1704 1541 1769 9'·
1559 1686 1647 1757 unde
1663 1709 1744 1783 papa
1764 1678 2085 1779 imperatorernden

227 1850 231 1859 ,
377 1778 443 1853 sios
467 1781 681 1868 Conslantini.
706 1780 855 1849 Socrates
873 1780 927 1847 lib.
945 1782 970 1853 l.
993 1781 1106 1852 hillor.
1121 1782 1236 1856 eccles.
1271 1808 1316 1852 uo
1337 1783 1767 1875 elediumjureiurandoad
1788 1780 2015 1853 ratificandam
2031 1779 2085 1846 Co

376 1902 450 1973 oap.
469 1880 527 1951 ult.
556 1876 747 1949 Nauclerns.
776 1878 832 1948 lib.
854 1880 892 1954 ll.
913 1899 1060 1973 generat.
1086 1909 1138 1953 rr.
1169 1883 1237 1951 Zo·
1268 1882 1399 1954 slantini
1430 1881 1648 1961 donationem
1676 1881 1734 1953 sibl
1763 1878 1969 1976 obstringere
1995 1870 2085 1968 semp

377 1999 473 2045 naras
490 1982 524 2049 in
550 1980 613 2044 uita
637 1976 826 2045 Coullnutis
845 1977 878 2045 iu
902 1983 1006 2069 princ.
1032 1981 1242 2073 Constantina
1272 1979 1393 2051 sluduit
1407 2006 1436 2054 c.
1462 1981 1546 2050 Tibi
1560 1977 1800 2051 Dominodist.
1817 1992 1874 2055 ⁶3·
1888 1975 2001 2049 Clem.
2018 1997 2079 2047 uer.

374 2079 533 2147 orientem
555 2073 601 2148 ἔθ’
637 2074 810 2149 Tlrraciorn
830 2074 974 2167 sortitur
995 2079 1056 2168 est,
1084 2080 1244 2168 Conflan·
1269 2073 1401 2173 ipsaque
1418 2084 1531 2149 omnia
1546 2079 1596 2164 dei
1611 2077 1735 2169 ureiur.
1749 2082 1782 2150 bt
1797 2100 1875 2146 cum
1888 2069 2055 2172 pontificis
2076 2088 2085 2139 t

377 2178 468 2245 tinas
490 2181 539 2249 ΙΙ.
560 2178 713 2269 regnavit
733 2177 768 2242 in
788 2171 926 2251 Gallia,
947 2181 1139 2263 Germania,
1156 2179 1233 2251 Bri·
1268 2180 1399 2247 rannidi
1428 2172 1542 2271 sapius
1567 2175 1811 2247 contradidmn
1836 2170 1892 2259 lit,
1925 2195 1968 2241 eo
1992 2192 2083 2265 quoq

380 2279 494 2347 tannia
517 2272 561 2361 &i
581 2272 763 2367 Hispania,
784 2271 943 2366 (anstans
967 2279 1145 2355 initalia,
1168 2278 1235 2347 'Lo‘
1266 2278 1350 2343 vitio
1370 2271 1629 2346 Romanensrum
1654 2269 1936 2369 praescriptionem
1973 2266 2085 2338 labora

378 2370 479 2443 simun
509 2370 622 2443 lrillor.
646 2366 765 2440 diserte
782 2374 921 2456 indicat,
944 2392 1019 2443 natu
1048 2382 1232 2445 niaximum
1250 2371 1402 2450 eonfiat.
1451 2375 1603 2469 Denique
1623 2396 1695 2466 quae
1712 2365 2085 2462 donatioacceptantii

377 2475 469 2541 inter
498 2470 706 2541 Conllantini
730 2467 819 2539 filios
846 2474 928 2564 patri
951 2467 1131 2565 ὁμώνυμον
1154 2497 1233 2543 cum
1266 2469 1373 2553 utilia,
1400 2494 1438 2539 ea
1455 2465 1607 2540 censetur
1631 2467 1774 2539 inualida
1800 2491 1930 2562 argum.
1948 2462 1971 2535 l.
1988 2482 2085 2534 mort*

373 2592 455 2638 natu
471 2575 614 2639 minimo
631 2566 811 2636 Constante
826 2573 939 2637 omnia
957 2592 1043 2640 trans
1064 2572 1152 2667 alpes
1175 2570 1232 2639 fita
1268 2594 1324 2650 49·
1342 2570 1378 2662 ᾖ.
1418 2567 1531 2637 Labeo
1543 2594 1575 2640 a.
1593 2564 1629 2639 ff.
1646 2566 1687 2636 de
1704 2565 1803 2662 legat.
1821 2590 1852 2633 a.
1868 2563 1889 2633 l.
1916 2561 2085 2633 Multumi

377 2673 480 2736 etiam
501 2663 602 2761 ipsam
623 2663 751 2735 ltaliam
775 2669 807 2734 dt
827 2664 998 2757 lllyricuur
1021 2664 1108 2738 sorte
1135 2673 1232 2761 parti·
1266 2662 1363 2734 terell
1379 2690 1436 2745 34.
1448 2662 1490 2734 de
1505 2664 1597 2737 verb.
1617 2662 1761 2760 oblig.§.
1781 2684 1851 2733 uon
1869 2655 1977 2730 solum
1991 2657 2036 2728 ib.
2060 2659 2084 2727 S

375 2783 450 2835 tum
470 2758 575 2833 fuisse.
639 2765 694 2852 6.)
713 2760 867 2831 Hilloriae
889 2761 1064 2853 tellautur,
1089 2768 1233 2835 Romam
1267 2760 1290 2830 sr
1307 2762 1379 2833 ralis
1395 2763 1494 2832 inllit.
1511 2762 1554 2831 de
1571 2762 1698 2855 legatis.
1722 2762 1795 2845 Jam
1812 2783 1895 2828 vero
1914 2756 2080 2845 donatioqi

374 2860 504 2945 tamdiu
518 2857 573 2932 sub
591 2865 734 2954 imperio
751 2860 906 2931 Romano
923 2856 1154 2957 pennansull'e,
1175 2865 1237 2932 do·
1264 2858 1290 2931 si
1311 2856 1420 2931 suisset
1436 2856 1546 2948 satia,
1578 2855 1722 2929 eeclesiae
1744 2853 1821 2929 esset
1839 2855 1974 2929 inutilis.
2009 2850 2085 2924 liefr

373 2986 438 3034 nec
455 2965 547 3033 eirca
571 2982 694 3028 aunum
721 2958 845 3028 Chrilli
866 2984 947 3043 752.
969 2965 1002 3030 in
1030 2963 1234 3031 Francorum
1265 2963 1357 3029 enim
1380 2956 1558 3029 Malleolus
1579 2956 1620 3038 de
1647 2956 1779 3027 nobilit.
1795 2959 1884 3052 qnod
1900 2949 1957 3027 issa
1976 2952 2085 3047 ipsad

374 3060 598 3156 potestatem,
624 3061 657 3128 ἅ
678 3053 755 3125 inde
783 3060 817 3124 in
841 3056 1038 3151 pontificum
1061 3061 1236 3129 Romano·
1267 3083 1333 3153 qna
1361 3057 1588 3148 Conslantinus
1617 3054 1770 3138 Silvestre
1801 3057 1928 3125 dederit
1965 3052 2085 3145 palatia

376 3182 453 3229 rum
468 3180 581 3228 manus
598 3154 807 3248 pervenerit,
833 3156 1014 3250 neapotesi
1034 3164 1235 3254 negari‚irn·
1267 3168 1467 3233 Lateranum
1487 3203 1500 3231 ,
1526 3157 1638 3224 arbrm
1659 3156 1837 3227 Romanam
1853 3178 1890 3222 aa
1903 3152 2026 3223 ltaliae
2044 3174 2085 3241 pr

373 3281 544 3354 perarmet
559 3256 728 3325 Rotrrauos
744 3276 802 3345 pet
822 3253 931 3348 plures
952 3280 1050 3346 quant
1068 3277 1235 3327 trecentos
1263 3258 1410 3340 vinciar,
1436 3253 1506 3348 nisa
1515 3253 1631 3347 sarrit
1651 3255 1686 3323 in
1706 3257 1874 3324 Laterano
1891 3245 2085 3321 mannaanfl

372 3380 478 3425 annos
499 3352 568 3448 poll
586 3350 838 3422 Conslantinum
862 3346 998 3423 tenuisse
1025 3355 1230 3449 gubernacu-
1265 3358 1312 3423 ris
1330 3352 1445 3444 inaiss,
1472 3377 1538 3446 qua
1562 3357 1605 3420 ad
1616 3353 1778 3443 parietem
1798 3350 1922 3421 tentiis
1942 3347 2085 3418 videntib

371 3455 405 3523 la
431 3455 520 3524 urbia
535 3454 652 3520 Rornae
673 3455 706 3520 δι
724 3448 825 3519 ltaliae
838 3474 896 3543 per
915 3450 1063 3543 praesidet
1088 3461 1119 3524 ἁ
1138 3476 1231 3521 exar·
1253 3455 1355 3550 flmnl
1365 3477 1404 3521 aa
1418 3453 1597 3547 legentibus
1604 3450 1766 3544 scriptam
1778 3451 1923 3544 sarrit:
1954 3447 2085 3537 Hodie-t

373 3556 468 3624 ahot.
522 3548 621 3623 Multi
648 3553 865 3641 imperatores
886 3549 958 3642 poll
974 3550 1230 3628 Constantinum
1260 3576 1377 3623 ernam
1402 3552 1546 3648 ecclesiae
1568 3549 1712 3642 infusam
1737 3547 1789 3641 est.
1842 3538 2085 3641 Vasquiuallb'.

370 3652 479 3722 tulare
494 3648 603 3742 leges,
621 3646 810 3739 adquorum
828 3641 1068 3719 observantiam
1082 3671 1153 3719 tum
1166 3672 1232 3744 po·
1261 3644 1470 3719 controvers.
1495 3641 1552 3717 usu
1571 3645 1737 3743 frequent.
1762 3668 1833 3741 cap.
1858 3656 1889 3717 6.
1918 3666 2010 3713 num.
2029 3668 2061 3716 a.

369 3752 466 3845 pulm
487 3795 497 3830 ,
518 3766 587 3814 tum
609 3740 667 3834 ipsi
686 3742 860 3836 pontifices
877 3742 979 3817 ,suere
993 3747 1154 3818 obitum.
1182 3750 1232 3833 7.)
1261 3750 1424 3836 Sulyoero
1437 3752 1471 3814 in
1488 3746 1577 3814 rubr.
1592 3747 1634 3814 C.
1652 3744 1694 3812 de
1711 3744 1804 3813 uerb.¹
1826 3739 1933 3837 sigolt,
1953 3734 2072 3820 refert,

369 3845 480 3942 ipsum
502 3844 693 3912 donationis
715 3838 968 3912 iullrmnentum
981 3894 996 3920 .
1019 3846 1111 3940 quod
1131 3845 1231 3914 exstat
1262 3846 1336 3939 ipsa
1352 3857 1491 3936 tempora
1508 3848 1546 3911 de
1560 3845 1633 3914 cala
1651 3866 1753 3912 nocem
1769 3834 1854 3911 illam
1873 3842 2019 3911 auditam
2035 3846 2085 3909 :tr

372 3938 709 4015 intatal.tell.verit.
729 3961 859 4032 μω.
883 3938 1229 4036 del'criptmn,multa
1261 3950 1317 4014 ata
1337 3965 1490 4012 nerianum
1515 3939 1558 4023 eli
1586 3941 1729 4034 infusum
1751 3940 1912 4037 ccclesiae,
1945 3933 1992 4009 ἔθ’
2011 3940 2085 4005 aad.

370 4050 520 4113 eontinet
546 4031 721 4112 sabulosa,
748 4059 784 4105 ac
809 4040 954 4107 historiar
981 4040 1118 4108 illorum
1142 4060 1228 4110 ternu
1262 4039 1396 4129 latr-rest
1418 4041 1560 4136 rcrlrjine
1590 4044 1665 4131 plns
1686 4063 1792 4133 aequo
1812 4065 1879 4109 non
1903 4036 2032 4121 ditari,
2061 4061 2081 4129 q

366 4167 488 4237 porum
511 4138 697 4220 contraria,
718 4153 752 4203 ut
768 4132 911 4204 ollandit
929 4135 1049 4209 dodlor
1061 4138 1144 4209 Hoe'
1165 4137 1225 4213 lib.
1260 4144 1348 4212 anim
1361 4144 1467 4234 magis
1484 4140 1628 4228 ditescit,
1653 4160 1687 4207 eo
1704 4138 1805 4232 magis
1819 4137 2038 4228 periclitatur.
2065 4140 2085 4201 i

359 4242 426 4315 lli.
447 4236 677 4311 coutinentia
691 4235 795 4327 llpoo.
808 4257 841 4305 a.
854 4234 909 4306 lX.
929 4257 1052 4330 μω.
1259 4241 1341 4336 ligio
1356 4240 1485 4332 peperit
1505 4238 1665 4310 divitias,
1694 4236 1750 4323 [ra
1764 4234 1841 4330 filia
1865 4234 2038 4304 devoravit
2060 4254 2085 4300 m

306 4350 312 4357 “
684 4426 686 4428 ,
1096 4425 1098 4429 ,
1282 4353 1378 4412 trem.
1417 4339 1487 4411 ,Ac
1507 4330 1635 4405 diuersa
1655 4326 1719 4401 elie
1742 4332 1839 4403 debet
1855 4333 1895 4407 ab
1923 4325 2085 4429 episcopal

464 4439 499 4531 ς.
526 4434 725 4506 cccxxii.
752 4435 785 4503 Si
802 4435 855 4505 uel
874 4442 1069 4507 mammem
1087 4428 1227 4505 donatio
1509 4455 1651 4505 munere
1675 4428 1872 4503 dominandi
1928 4469 1931 4473 ’

361 4537 451 4612 tene
467 4532 563 4623 esset,
589 4552 785 4604 tamea-noa
802 4534 946 4631 valeret3
963 4536 1075 4630 primo
1091 4536 1167 4633 quia
1184 4531 1224 4604 ad
1491 4628 1496 4635 .
1607 4526 1765 4622 poteslas.
1881 4587 1886 4596 .
