4842 5859
506 352 579 431 DE
627 353 774 435 CVRA
825 353 1236 434 MAGISTRATVS
1287 359 1457 436 CIRCA
1506 361 1695 441 SACRA.
1816 399 1823 412 ·
1908 385 1975 496 '45

299 536 324 612 ‘o'
344 538 485 614 consilio
499 536 562 610 hac
582 539 617 609 iu
639 561 677 609 re
697 532 876 635 procedat,
900 560 943 607 ne
963 532 1070 607 eccle·
1109 539 1182 628 dat,
1208 556 1245 613 ut
1260 544 1420 639 pecunia,
1439 538 1543 636 ¹quam
1561 545 1716 632 janitores
1733 540 1849 638 templi
1866 543 1970 617 colle·

305 639 406 736 duam
428 635 845 735 Drnrfuefibisangnioe
867 639 958 719 enit,
994 635 1067 709 Asi.
1111 658 1247 735 gerant,
1277 642 1312 711 iu
1335 664 1435 711 uuam
1460 635 1623 712 summam
1649 641 1835 738 redigatur,
1871 647 1969 718 &ad

298 758 349 814 ta.
374 738 545 819 turbetur,·
578 736 670 833 quod
691 743 816 807 utinam
836 757 855 802 a
874 729 1069 829 magisltati·
1110 742 1356 833 reparationem
1366 738 1534 809 structura
1549 736 1665 834 templi
1680 737 1972 835 opificibusdillri·

298 836 482 932 diligentius
497 831 740 905 observaretur!
764 847 830 923 a.)
852 833 904 902 Ne
924 828 1067 900 ecclesiae
1110 835 1240 910 buatur.
1275 837 1404 932 a.Reg.
1423 837 1574 921 xxt1.4‚
1610 836 1971 920 a.Paral.XlleV,a.

298 931 361 1002 iris
381 929 565 1030 praescribat
582 933 672 1028 leget
692 957 768 1004 eum
790 926 894 1000 officii
909 928 1066 999 divinitus
1109 931 1253 1005 illorum
1269 935 1459 1029 exemplum
1474 938 1544 1031 pins
1558 924 1898 1030 magilltatuaimitari
1913 936 1971 1010 de·

309 1030 498 1101 demandati
533 1034 676 1125 partibus
707 1047 909 1125 pugnantes,
949 1045 1065 1120 utpote
1112 1032 1187 1108 bet,
1214 1038 1248 1104 dt
1273 1051 1383 1102 certos
1405 1036 1550 1129 probatae
1574 1031 1651 1104 fidei
1675 1033 1897 1106 aciudullriae
1919 1043 1969 1109 vi·

330 1153 399 1198 nou
433 1128 572 1199 debeant
602 1134 681 1199 vitia
711 1132 903 1198 auditorum
932 1121 1067 1193 liberius
1111 1153 1168 1199 roa
1191 1129 1411 1217 coullituere,
1452 1154 1512 1228 per
1537 1155 1621 1226 quoa
1649 1131 1735 1200 bona
1760 1131 1971 1206 eccleliallica

298 1251 331 1310 e,
357 1229 593 1297 haereticorum
616 1249 746 1296 errores
770 1225 968 1294 nominatim
990 1244 1065 1316 per·
1111 1223 1350 1320 dispensentur.
1398 1229 1483 1297 Sane
1501 1233 1534 1298 iu
1548 1227 1682 1303 ecclelia
1702 1229 1882 1322 aposlolica
1901 1257 1971 1304 ma.

298 1348 383 1417 gere,
407 1331 588 1394 conciones
609 1323 731 1419 legales
753 1346 896 1405 acuere,
930 1319 1062 1413 publice
1136 1326 1261 1396 illratus
1273 1329 1450 1396 auctoritas
1461 1327 1499 1395 ad
1515 1325 1727 1396 ecclefiaslica
1743 1328 1830 1398 bona
1845 1325 1974 1426 dispeu-

298 1445 376 1492 mtea
408 1446 523 1494 coram
555 1426 709 1492 omuibus
737 1442 878 1516 arguere
900 1426 964 1491 tite.
999 1418 1066 1486 hoc
1108 1351 1205 1493 sanda
1219 1418 1360 1494 nonfuit
1375 1421 1546 1523 requisita;
1572 1425 1642 1494 nti.
1657 1425 1711 1498 Vl.
1746 1431 1972 1526 ‚quippequi

325 1544 403 1590 vere
435 1519 480 1589 eli
505 1520 679 1616 capillrum
703 1542 742 1587 ac
767 1519 902 1587 sreuum
927 1517 1065 1608 Spiritui
1108 1546 1126 1590 a
1147 1513 1214 1591 lide
1239 1522 1413 1608 chrisliana
1440 1541 1509 1592 erat
1531 1521 1675 1608 alienum
1709 1450 1764 1593 sed
1789 1548 1866 1594 cum
1894 1548 1974 1622 pro·

298 1643 315 1686 u
344 1617 430 1687 velle
458 1618 616 1709 injicere,
646 1642 683 1687 ac
704 1619 780 1685 Deo
801 1614 859 1709 ipit
883 1639 943 1710 pet
965 1617 1064 1680 ruini·
1110 1615 1219 1715 gressu
1250 1623 1410 1715 temporit
1440 1625 1486 1716 pii
1509 1627 1727 1717 imperatorer
1759 1621 1971 1695 chrilliauam

307 1715 451 1788 ecclelia
469 1718 645 1811 nobiscum
666 1718 777 1811 agenti
797 1711 930 1784 adversa
950 1709 1065 1784 sruute
1109 1716 1313 1813 religionem
1341 1714 1638 1813 ampledlerentur,
1679 1737 1715 1788 ut
1741 1721 1774 1788 iu
1803 1717 1893 1804 aliia,
1926 1727 1991 1792 ita*

298 1838 361 1886 ere.
1135 1839 1245 1911 uoque
1272 1818 1306 1884 iu
1329 1811 1625 1887 ecclesiasticorum
1651 1813 1819 1888 bonorum
1844 1813 1973 1915 dispen·
2030 1888 2037 1897 ‚

1107 1838 1235 1996 satione
1251 1917 1394 1984 maxima
1411 1910 1475 1983 fuit
1491 1910 1639 2010 ipsorum
1658 1912 1797 2007 potelius
1809 1921 1843 1988 dt
1858 1919 1972 1988 auclo-

298 2033 418 2095 Μὰ.
507 2001 540 2106 §.
556 2009 680 2081 exet.
705 2003 780 2090 lll.·)
794 2002 1065 2080 Bonorararcrie·
1107 2016 1197 2082 ritae.
1230 2010 1427 2095 Jusstutauua
1449 2011 1531 2085 nov,
1545 2013 1604 2084 ill.
1627 2034 1697 2106 cap.
1719 2036 1748 2089 ς.
1768 2010 1893 2100 siatuit,
1926 2039 1973 2087 ee·

298 2115 405 2194 tlegin'·
430 2170 435 2175 .
443 2111 650 2210 fiassicurom
679 2109 822 2202 legitimo
852 2102 1063 2197 dispensatio.
1106 2110 1269 2198 clefiaram
1288 2115 1412 2180 reditus
1432 2112 1468 2179 in
1485 2113 1560 2202 pios
1579 2109 1670 2181 aiios
1690 2107 1734 2196 &
1744 2114 1904 2205 personas
1916 2139 1970 2186 oe.

298 2194 397 2275 last&
452 2212 498 2278 Vt
521 2207 626 2277 cultus
648 2204 779 2275 divinus
802 2210 835 2273 iu
857 2207 988 2298 popolo
1014 2203 1062 2267 vi·
1106 2232 1144 2279 re
1164 2220 1292 2305 egentes
1310 2229 1371 2299 per
1394 2209 1607 2297 patriarchas
1632 2207 1680 2280 δ’
1700 2209 1971 2285 ιιιοιιοιιιοιιιιι-

453 2324 548 2403 gear,
579 2327 648 2374 non
670 2299 778 2392 solum
801 2306 981 2397 requiritur
1000 2300 1064 2366 mi·
1099 2315 1242 2405 gaudes.
1270 2308 1355 2376 Aute
1366 2301 1553 2375 l'uschalem
1566 2309 1608 2379 ll.
1621 2324 1688 2376 tam
1702 2302 1858 2404 episcopi,
1869 2334 1968 2404 quam
2110 2380 2123 2391 ,

298 2428 382 2476 'mm
401 2402 773 2483 id⁰1¹⁶⁰f¹¹¹1¹l⁷00²ll⁰r
795 2424 855 2492 Per
874 2421 958 2493 ‘1⁰0⁸
976 2391 1061 2465 scili·
1103 2407 1226 2502 reliqui
1237 2402 1363 2491 clerici,
1374 2407 1519 2497 exceptis
1531 2402 1678 2473 diaconis
1694 2402 1897 2498 prediorum
1909 2434 1968 2478 eu·

298 2506 410 2598 apulus
423 2501 464 2573 de
486 2503 575 2591 illius
595 2523 672 2568 uera
695 2520 814 2587 norma
831 2522 868 2566 ac
887 2495 998 2566 forma
1013 2498 1062 2563 in·
1103 2526 1139 2575 ra
1155 2510 1189 2575 &
1206 2504 1353 2598 pecunia
1367 2501 1562 2570 tardatione
1572 2506 1792 2573 contaminari
1804 2503 1968 2600 quodam·
2014 2515 2017 2519 '

301 2627 361 2680 ur,
398 2626 435 2673 ²⁰
457 2598 572 2696 stilum
593 2593 881 2667 ‘Cilesffllllfflfflffl
911 2594 1063 2691 promul·
1105 2600 1214 2674 modo
1234 2604 1295 2669 rati
1311 2597 1351 2670 ab
1371 2622 1408 2667 ea
1429 2594 1791 2693 prursuaabsliuebaut,
1813 2625 1851 2672 ac
1869 2597 1966 2674 sacris

302 2753 312 2782 ‚
338 2721 398 2795 pet
413 2722 491 2795 quas
509 2716 682 2765 externum
698 2694 846 2783 ejusdem
865 2696 1061 2763 exercitium
1103 2701 1260 2773 duntaxat
1273 2700 1391 2770 intenti
1401 2715 1512 2780 eraut,
1537 2697 1705 2767 redituum
1716 2719 1825 2769 autem
1838 2700 1968 2772 eradio

298 2791 355 2890 ἱξιν
370 2792 667 2890 &ingruentiam
681 2792 863 2958 diripatum
888 2786 1062 2862 sedetiam
1102 2808 1139 2872 ᾱ
1153 2793 1396 2869 ιόιηῐῃὶιὶιιιὶο
1415 2794 1548 2867 cuidam
1569 2819 1608 2865 ex
1635 2793 1726 2866 laicis
1747 2796 1969 2898 demandaba-

298 2919 370 2965 rum
390 2892 683 2966 eccleliallieurum
698 2892 732 2968 di
750 2888 920 2986 pensatio,
944 2888 1063 2986 quibua
1103 2914 1177 2982 tur,
1203 2902 1296 2990 isque
1317 2894 1357 2963 ab
1383 2896 1605 2988 imperatore,
1625 2892 1740 2962 aliisve
1764 2896 1966 2990 principibus

298 2990 395 3062 mella
411 2991 643 3062 sulleutatione
659 2990 815 3058 minillris
833 2985 1060 3082 prospiciatur,
1103 2994 1344 3090 postulabatur,
1369 3015 1388 3059 2
1410 3015 1479 3087 quo
1502 2987 1643 3060 ,cepefiae
1660 2989 1800 3060 ministri
1816 2991 1871 3088 w,
1883 2993 1967 3083 fim-

298 3112 384 3187 nque
408 3088 448 3159 ad
473 3084 546 3158 usus
567 3091 804 3157 convenientes
823 3110 862 3156 ac
886 3086 963 3154 Deo
981 3108 1059 3178 gra·
1101 3089 1188 3163 'rrae'
1209 3096 1419 3184 acciperent,
1452 3084 1967 3164 fieurucan.xxv1.coucutt
2079 3093 2081 3097 ’
2122 3070 2124 3075 ’

298 3189 498 3283 lpliceutur.v
541 3183 777 3278 intelliguntur
792 3204 901 3254 autem
925 3185 992 3252 hoc
1007 3183 1058 3250 ¹0·
1101 3182 1386 3260 Chalcedonensss
1398 3185 1611 3257 coustitutum
1621 3239 1631 3271 ,
1643 3199 1681 3255 at
1694 3187 1831 3282 episcopi
1846 3192 1879 3260 ia
1892 3192 1966 3260 ido-

298 3282 740 3356 uorumecctefiassicomm
762 3279 1059 3351 nominenuubo·
1102 3309 1180 3359 mos
1205 3284 1446 3383 dispensatores
1465 3284 1601 3381 istarum
1624 3309 1732 3355 rerunt
1757 3286 1964 3378 administra.
2000 3284 2003 3289 ’
2109 3345 2118 3353 .

298 3382 398 3456 elelrae
412 3388 539 3452 iuterna
554 3403 593 3451 ao
609 3384 767 3474 propria,
790 3402 863 3473 quae
880 3399 940 3473 pet
960 3400 1058 3446 evan·
1100 3389 1187 3463 atoue
1205 3382 1344 3482 νήιδα,
1371 3385 1489 3480 rppmre
1507 3389 1549 3454 ai
1573 3409 1611 3454 ea
1636 3383 1849 3478 abstinerent.
1983 3413 1985 3415 ·

298 3483 567 3576 pradicationem
586 3477 818 3573 poenitentibus
838 3485 872 3546 ot
892 3475 1057 3545 credenti·
1657 3512 1660 3517 .

298 3581 529 3657 illribuuutur,
554 3576 664 3674 qualia
682 3571 775 3661 suut,
802 3567 952 3643 remissio
974 3592 1053 3666 pec·
1123 3574 1336 3666 ΙΜΧΟΙΙ.
1372 3572 1712 3647 Bonnillaeeclelia·
1766 3610 1938 3690 bg,·„·„,„„

298 3701 366 3762 mt,
392 3678 508 3766 jusiitia
523 3679 598 3745 Deo
616 3674 769 3768 placens,
796 3673 933 3740 donatio
950 3670 1056 3763 spiri·
1101 3669 1179 3745 ilica
1194 3697 1233 3744 ac
1246 3679 1344 3746 annui
1359 3670 1592 3744 redituasacris
1610 3673 1716 3745 usrbut
1762 3687 1948 3749 honorame-
2073 3689 2077 3693 “

298 3772 434 3847 teliore,
482 3777 547 3843 Sed
560 3773 646 3842 bona
661 3768 803 3842 aeclefiae
821 3788 968 3849 externa,
984 3789 1056 3858 quac
1100 3769 1711 3857 deiliuaticircaauumuClttilli470.
1760 3768 1965 3846 tltwstittrm
2061 3768 2065 3772 ⁴

304 3873 482 3943 uisiturum
504 3867 648 3941 ecclesiae
668 3889 707 3938 ao
732 3867 914 3964 pauperum
937 3862 1056 3933 sullen·
1104 3875 1140 3938 in
1167 3888 1310 3965 quatuor
1338 3888 1444 3962 partes
1470 3868 1574 3938 dividi
1605 3894 1713 3965 coepe.
1761 3867 1836 3911 Μ·

298 3993 352 4040 em
383 3975 607 4066 requiruntur.
657 3970 789 4040 Eorum
823 3958 1058 4060 dispensationi
1101 3986 1193 4050 rant,
1218 3964 1522 4062 primusquadraue
1541 3962 1712 4076 episcopo,
1776 4038 1780 4044 ,

298 4075 389 4139 :imus
414 4066 638 4163 magistratum
659 4058 893 4147 clt'rilliauum3
919 4061 945 4132 is
965 4066 1056 4135 euim
1097 4066 1183 4136 alter
1206 4067 1320 4150 clero,
1362 4063 1477 4135 tertius
1503 4065 1622 4135 aedium
1646 4067 1808 4135 laetarum
1838 4063 1961 4136 exllru·

298 4165 323 4236 it
343 4166 580 4260 temporalium
602 4165 758 4233 dontinus
781 4172 813 4234 dt
834 4160 979 4231 eccleliae
996 4183 1055 4227 nu·
1100 4165 1207 4238 diioui
1223 4186 1261 4235 ae
1277 4166 1497 4256 reparationi,
1522 4183 1655 4256 quartus
1676 4175 1856 4258 pauperum
1872 4163 1960 4233 elee-

319 4265 475 4333 divinitus
499 4261 711 4338 constitutus,
745 4262 824 4330 ideo
847 4266 880 4331 dt
899 4256 1055 4351 putesidt
1101 4259 1250 4352 mosyuie
1267 4261 1422 4342 cedebat,
1448 4259 1491 4328 de
1509 4283 1572 4351 qua
1589 4260 1962 4348 dillributiouequadri·

334 4360 517 4455 legitimam
552 4362 721 4431 bonorum
754 4353 1050 4430 ecclesiasticorum
1102 4365 1218 4455 partita
1239 4360 1366 4452 aliquot
1391 4355 1617 4428 coticiliurum
1644 4380 1787 4427 eauouea
1820 4354 1959 4428 exllaut.
2044 4386 2053 4397 ‘

298 4457 470 4530 ilatiouem
513 4458 693 4528 iuliituere.
787 4460 842 4524 Sic
875 4477 935 4524 tex
979 4453 1054 4545 Asa
1101 4446 1959 4553 Qtadrausepiscupudellinetntuouipstussolum

298 4584 353 4652 ,uz
382 4577 473 4650 pater
494 4554 590 4648 iplius
615 4550 890 4647 sanililicpverat,
923 4554 1054 4646 templo
1101 4552 1325 4645 sulleutatiqui
1346 4551 1583 4634 adhibebatur,
1609 4547 1663 4622 sed
1679 4547 1958 4624 etiaturediruen·

298 4685 313 4729 ··
356 4658 477 4748 ilicit-
500 4656 571 4729 XV.
594 4680 648 4733 15·
704 4654 858 4724 Fertilior
902 4644 1054 4718 sacerdo·
1102 4655 1154 4724 dis
1174 4653 1220 4719 ou
1241 4650 1416 4745 religionis
1436 4647 1684 4746 professionem
1713 4648 1864 4741 captivis,
1898 4648 1961 4716 ltu.

312 4750 425 4822 salaria
449 4751 638 4834 coullituit,
678 4756 712 4821 dt
739 4756 773 4819 in
802 4747 930 4844 templo
955 4764 1049 4827 auzo-
1101 4747 1200 4844 spitio
1221 4747 1423 4841 excipiendis
1445 4748 1566 4818 Chrilli
1591 4745 1773 4827 exsulibus,
1813 4748 1961 4814 trenes.
2008 4795 2015 4801 .

299 4861 381 4921 :ium
415 4873 541 4938 ponere
575 4854 740 4942 praecepit.
785 4847 1054 4921 ammittit.
1102 4840 1871 4939 cende-ergaindiguabeneticentiae'cedebat.
1894 4842 1960 4911 Gr.

298 4978 307 5020 r
348 4950 502 5040 llelltlae,
540 4943 671 5017 summu
710 4943 899 5022 sacerdoti,
957 4969 1053 5014 mau-
1104 4946 1199 5112 lasrlpt
1219 4943 1409 5040 inepillola
1430 4943 1473 5014 ad
1501 4936 1832 5034 clerurudtplebem
1854 4937 1955 5100 gap-u

1203 5064 1220 5123 3
1424 5121 1425 5124 Ἴ
1881 5062 1937 5104 uu
