4842 5859
275 396 280 405 ,
353 335 489 425 2109
562 253 2159 426 narrarunrnrt'sn.ctr.vrr.srcr.v.urutr.11.run-1„
2221 415 2226 423 ,

417 444 594 595 statueret,
627 499 777 576 absolute
799 503 835 577 dt
858 493 1053 601 simpliciter
1076 498 1287 602 prohibitum
1333 554 1347 573 e
1378 503 1415 600 §.
1440 497 1614 579 CCXLl.'
1638 500 1747 597 Atque
1786 497 1837 573 ht
1874 493 1963 574 sunt,
2000 458 2187 613 crmffl..

271 678 284 700 ,
420 601 487 679 esse
512 624 650 704 propter
670 604 845 700 pecuniam
867 601 963 674 alteri
979 598 1021 673 ad
1040 604 1286 700 negotiationes
1329 599 1801 701 precipuaenollraerationeu,
1823 600 1943 698 quibui
1991 620 2200 696 europeam

282 769 287 776 .
416 727 459 777 ac
479 708 700 777 mercimonia
729 701 910 773 exercenda
936 697 1047 772 datum
1068 696 1203 772 censum
1225 699 1285 770 oli·
1354 701 1673 785 ermotlllatuimut,
1696 693 1944 772 noneffetbso·
1996 697 2201 768 elocutionem

417 825 522 975 poem
546 807 704 900 exigere3
731 805 789 897 qui
808 803 899 872 enim
920 798 959 873 ad
981 793 1096 872 censue
1111 797 1188 870 illos
1209 822 1286 894 per·
1329 726 1352 871 l

942 888 948 903 x
1344 792 1779 900 uteorfimplieitercensur
1796 795 1875 871 illae
1892 823 1949 898 pe·
1991 774 2151 861 spicimdae.

434 899 597 973 olvendoe
622 898 769 974 obllritii
784 893 880 978 sunt,
901 896 1039 969 eosdem
1061 896 1141 969 dare
1157 893 1287 969 reeusa'-
1331 901 1436 972 nuniz
1459 902 1595 972 elocatae
1621 918 1750 968 annuat
1775 899 1861 970 iuter
1891 897 1949 968 da·

418 1017 514 1087 rent,
539 1004 573 1073 ὰ
591 1003 730 1096 pecunia
751 995 857 1068 aliena
877 993 972 1069 suum
989 995 1145 1068 duntaxat
1160 1019 1306 1089 quoru.
1330 1017 1456 1072 innatas
1477 994 1588 1070 usuret
1606 991 1826 1088 referendam
1850 1000 1985 1070 interim
2005 1016 2121 1072 tamen
2144 997 2199 1071 ad.

418 1116 495 1172 rent
517 1120 554 1168 ec
575 1115 725 1194 parerent
745 1096 985 1182 commodum,
1009 1100 1066 1192 qui
1086 1120 1169 1166 uero
1186 1121 1287 1194 peeu·
1330 1097 1457 1187 dlmut,
1482 1101 1516 1168 in
1534 1098 1596 1168 lrac
1613 1097 1769 1191 pecuniae·
1780 1092 1868 1191 quast
1887 1095 2077 1168 elocanone
2097 1095 2199 1197 respi-

418 1200 484 1270 niit
505 1195 692 1280 abundant,
717 1200 876 1292 proximo
896 1195 1026 1266 easdem
1050 1193 1186 1266 utendas
1204 1219 1289 1264 con·
1330 1196 1463 1271 alendas
1489 1191 1563 1276 elie!
1579 1211 1683 1266 eertas
1703 1193 1979 1284 circumstantius,
2006 1202 2126 1294 utpote
2150 1199 2198 1290 t.)

418 1295 543 1367 redere
560 1314 757 1380 renuerent,
796 1320 873 1366 eum
898 1294 989 1364 nulla
1009 1289 1299 1390 compensationie
1331 1296 1545 1372 conditionem
1552 1291 1789 1391 personarum,
1812 1297 2016 1389 quaeratis
2025 1301 2198 1391 pecuariam

420 1388 493 1491 spes
512 1393 684 1490 adpareat,
716 1417 779 1489 qua
801 1399 931 1465 ratione
954 1396 1159 1464 commercia
1180 1399 1214 1464 dt
1233 1415 1289 1464 ne·
1331 1399 1511 1492 arripiunt,
1547 1399 1596 1483 a.)
1612 1389 1941 1490 summam'peeunt'et
1958 1392 2038 1468 aare
2059 1394 2108 1470 δ’
2126 1410 2201 1469 tem·

420 1497 624 1590 gotintiones
645 1498 763 1586 generi
781 1495 932 1562 bunmno
955 1516 1025 1561 non
1040 1487 1150 1562 solum
1170 1490 1287 1577 utiles,
1327 1519 1394 1591 pus
1394 1495 1558 1592 solutioni
1573 1491 1808 1586 prestitutum,
1839 1496 1892 1584 3.)
1906 1492 2029 1584 censum
2041 1521 2198 1588 annuum,

422 1588 481 1666 sed
504 1595 539 1664 dt
562 1586 747 1662 necefforiae
771 1589 1033 1688 impedirentur:
1063 1590 1153 1659 unde
1172 1591 1288 1659 Ferra-
1333 1599 1390 1690 qui
1419 1597 1452 1664 in
1473 1589 1717 1690 stipulationem
1740 1594 1849 1680 venit,
1879 1590 1936 1690 4.)
1946 1596 2071 1685 statum
2085 1584 2200 1694 perso.

423 1688 538 1761 rieni'rt
560 1693 593 1760 in
612 1689 754 1787 prudlica
781 1684 939 1760 inform.
962 1684 1066 1761 libell.
1085 1688 1208 1759 adlion.
1227 1691 1289 1777 hy·
1333 1717 1470 1781 norum,
1494 1691 1903 1792 quaepecamt‘amerogant.
1953 1693 2053 1764 Circa
2061 1698 2200 1788 primam

424 1789 563 1885 potbec.
586 1787 678 1860 verb.
704 1785 770 1857 tine
791 1787 898 1885 aliqua
916 1781 1088 1856 usurarum
1114 1811 1189 1881 pag.
1207 1809 1288 1869 379·
1333 1812 1433 1878 nota,
1470 1789 1655 1860 cavendum
1691 1783 1755 1859 elle
1804 1793 1849 1884 ι.)
1870 1789 1924 1864 Ne
1955 1789 1995 1861 ab
2025 1784 2092 1864 illie
2128 1819 2201 1867 cen·

422 1887 502 1958 edit.
527 1905 591 1958 vet.
616 1884 744 1970 scribit,
770 1893 920 1958 mundum
942 1889 1004 1957 uix
1016 1885 1203 1979 sustiueri,
1232 1893 1291 1953 aut
1333 1885 1385 1960 sut
1408 1913 1534 1960 annuus
1557 1892 1729 1983 exigatur,
1755 1891 1812 1984 qui
1835 1891 1974 1986 pecunia
2002 1909 2125 1963 mutuo
2149 1918 2200 1965 ee·

421 1989 495 2152 slepi
518 1978 612 2102 ροβε.
618 1986 698 2154 1⁴⁶3
718 1982 849 2154 usurp,
880 1987 921 2102 'ld
945 1981 1037 2101 quod
1070 1983 1113 2053 de
1142 1980 1290 2099 cenfilut
1334 2007 1428 2086 nepta
1454 2013 1525 2059 nou
1547 2004 1683 2056 utuntur
1704 1984 2017 2156 addnegotiptippee
2043 2015 2203 2067 exercere

419 2102 861 2255 {iltlllintulit}
878 2106 1290 2276 i'issiill'itlilr
1334 2086 1445 2257 lli
1464 2083 1886 2257 liiiiiiitiliui
1903 2085 2202 2280 piculissiffllffl

423 2278 467 2352 de
493 2273 597 2352 usurit
626 2280 731 2351 verbo
763 2280 826 2357 Dei
853 2279 1015 2348 danmatio
1044 2278 1290 2375 accipiendum.
1335 2284 1385 2356 bis
1409 2300 1591 2381 expetunt,
1632 2300 1729 2373 atque
1752 2277 1854 2377 ipsam
1874 2277 1999 2353 sortem
2022 2290 2078 2355 vix
2097 2311 2142 2362 ac,
2160 2311 2202 2359 ne

342 2453 354 2459 ,,
392 2378 540 2452 ·Buldue
564 2378 717 2456 inlibl.
741 2379 783 2449 C.
804 2377 846 2448 de
868 2372 1290 2456 iuramTriuiettcont.
1335 2387 1391 2455 vix
1406 2385 1544 2480 quidem
1569 2377 1711 2451 reddere
1737 2375 1878 2475 pollunt.
1940 2384 1994 2473 a.)
2020 2383 2073 2454 Ne
2091 2389 2205 2481 exiga-

424 2503 510 2566 453.
528 2476 627 2562 dicit,
653 2478 930 2575 ‘xptdt'rttmtllot
952 2477 1091 2548 t'twtnlri'
1104 2479 1290 2573 senerata·
1336 2502 1389 2554 tur
1409 2481 1449 2551 ab
1471 2479 1555 2566 illis,
1582 2478 1639 2575 qui
1660 2479 1807 2574 primum
1829 2477 1966 2576 quidem
1989 2480 2031 2552 ud
2049 2491 2202 2582 negotiu,-

424 2568 1292 2748 :t’-lilitls⁰litt‘⁰:¹itilill‘liill
1335 2575 2202 2751 lii‘iiiltii„{titillabit

421 2772 514 2851 forte
530 2797 600 2845 non
621 2775 739 2872 injuria
759 2776 799 2844 ab
812 2756 884 2871 ipso
905 2699 1159 2869 pronlrncittum
1181 2773 1293 2842 videa·
1336 2796 1388 2851 ter
1407 2771 1498 2849 surm
1521 2701 1653 2871 eulplum
1682 2699 1813 2844 cusrllusp
1831 2772 1979 2845 fortuitis
1999 2781 2034 2848 dt
2058 2703 2205 2874 insppera.

280 2924 282 2929 -
416 2889 490 2961 tur.
543 2875 751 2968 Cumprimis
773 2893 854 2942 vero
877 2875 942 2943 huc
963 2871 1139 2943 referenda
1162 2869 1206 2942 ess
1227 2894 1290 2941 no·
1334 2880 1393 2966 tis,
1434 2893 1512 2972 putu
1541 2869 1720 2951 incendio,
1755 2871 1956 2968 naufragio,
1989 2872 2205 2949 diuturniore

302 2979 304 2983 ’
359 3025 371 3037 -
422 2971 509 3044 velli
532 2974 724 3052 Leonlstt·
774 2972 1289 3066 cumenlffllmpertiotorlen·
1336 2974 1461 3049 morbo
1474 2979 1541 3050 dtu.
1571 2976 1606 3042 in
1634 2993 1707 3042 eum
1731 2969 1951 3042 detruduntur
1972 2974 2143 3069 inopiam,
2167 2993 2205 3047 ut

423 3075 485 3158 tie,
501 3069 652 3156 basilius,
671 3066 781 3140 usuras
806 3092 922 3139 omnes
940 3075 1068 3163 penitus
1088 3064 1293 3164 abrogailat,
1335 3070 1486 3144 seeundo
1517 3065 1623 3140 claffit
1653 3069 1848 3140 homiuibut
1877 3074 2001 3142 merito
2032 3068 2205 3144 udeeuseri

424 3171 523 3266 ipfiue
543 3167 631 3239 filius
648 3170 720 3237 Leo
748 3171 814 3236 ltoc
838 3166 1009 3238 decretum
1030 3171 1171 3263 parentis
1190 3161 1291 3234 sussu·
1335 3169 1496 3256 debeant,
1524 3191 1602 3263 erga
1624 3190 1708 3263 quoa
1729 3186 1882 3240 mutuum
1905 3175 2087 3267 gratuitum
2111 3197 2205 3243 exer·

423 3269 474 3340 lie
488 3288 624 3365 propter
645 3267 901 3336 incommodum
928 3270 962 3335 in
985 3263 1227 3360 rempublicam
1245 3285 1290 3335 ex
1335 3271 1404 3343 eeri
1418 3267 1561 3353 debere,
1581 3260 1728 3361 superius
1746 3267 1910 3353 diximuee
1936 3269 2127 3364 quidquod
2152 3276 2207 3360 (ut

281 3446 291 3455 ,
425 3390 470 3440 eo
489 3363 693 3459 redundant:
725 3362 977 3449 Pareesmatler
1001 3361 1147 3463 (inquit)
1171 3377 1292 3438 eterne
1333 3365 1588 3457 sunthumana)
1609 3368 1807 3461 contingere
1828 3362 1947 3462 possit,
1982 3385 2018 3437 ut
2042 3366 2125 3440 tolet
2144 3392 2204 3440 ne·

415 3665 585 3766 sortitore
611 3665 678 3759 suo
703 3666 939 3758 prohibendam
967 3667 1113 3760 putauit.
1182 3664 1290 3758 Atqui
1334 3666 1394 3739 buo
1417 3689 1487 3736 non
1508 3658 1618 3733 solum
1643 3655 1797 3747 censum,
1822 3659 1879 3735 sed
1899 3656 2108 3741 &sortemi

424 3467 580 3543 memorie
591 3467 752 3560 princeps,
768 3462 883 3557 scietur
905 3464 1024 3561 usuras
1045 3468 1162 3559 ubique
1181 3466 1285 3557 oSpi·
1334 3473 1518 3567 gotiatoret
1530 3469 1565 3536 in
1578 3469 1722 3561 primam
1735 3450 1954 3536 detruduntur
1965 3459 2120 3547 clarium,
2142 3490 2204 3539 eo-

296 3594 299 3598 ·
334 3636 337 3641 ,
423 3569 644 3642 etrusaeerero
657 3568 882 3647 condemnari,
908 3562 1083 3662 usurarum
1087 3565 1290 3658 solutionem
1333 3591 1409 3640 rum
1427 3584 1502 3662 puta
1512 3617 1523 3653 ,
1550 3587 1633 3659 quos
1653 3557 1864 3655 eleemosyna
1879 3561 2055 3653 juvandos,
2079 3589 2118 3638 ec
2130 3572 2203 3735 pui.

419 3779 561 3864 propter
593 3775 818 3856 paupertatem
850 3787 901 3834 ees
927 3757 984 3835 illa
1007 3786 1075 3835 nare
1097 3766 1132 3834 ire
1157 3765 1289 3846 metius,
1329 3762 1521 3834 donandam
1533 3756 1599 3833 elie
1615 3757 1819 3833 docuimus?
1867 3761 1903 3828 Si
1921 3762 2011 3831 enirn
2032 3784 2073 3832 ex
2121 3690 2202 3836 ‘illle¹

423 3879 517 3966 prtem
542 3877 647 3934 tamem
656 3862 759 3955 finem
782 3861 948 3953 legislator
967 3862 1207 3957 proposuerat,
1222 3858 1289 3952 sed
1330 3859 1454 3959 quisfit
1467 3883 1610 3956 pauper,
1636 3875 1707 3928 turn
1723 3855 1833 3928 debeo
1843 3858 2108 3932 omnimodum
2122 3884 2201 3936 oum

273 4018 316 4039 ..
423 3964 590 4041 raatruia
609 3965 704 4061 pejus
730 3965 847 4058 vergit.
900 3963 971 4057 Qui
991 3966 1072 4034 emim
1096 3959 1289 4053 amteuusu·
1332 3955 1697 4056 ipsuagendlmutare.
1746 3954 1896 4028 Breviter
1915 3956 2084 4045 dicendo,
2109 3963 2201 4032 chri·

354 4084 362 4097 ·
424 4086 538 4142 rurum
560 4061 625 4156 spe
655 4067 698 4131 ari
727 4062 934 4132 mutuandum
969 4063 1138 4158 pecuniam
1157 4056 1290 4151 promti
1332 4057 1430 4131 iliano
1459 4061 1576 4128 coritae
1613 4073 1648 4126 ut
1685 4057 1839 4126 omnium
1875 4054 2111 4152 reliquorum,
2156 4063 2199 4133 itt

374 4233 377 4237 ,
401 4180 408 4201 “
418 4168 590 4264 suerunt,
612 4162 684 4255 post
710 4161 808 4231 iatum
834 4158 957 4258 legem,
981 4163 1071 4254 quoti
1093 4158 1178 4230 ertit
1202 4156 1288 4229 lueri
1331 4163 1431 4230 etiam
1449 4157 1544 4247 hujus
1566 4151 1752 4225 contractus
1767 4152 1925 4230 dirodirix
1939 4176 1976 4225 nc
1991 4154 2200 4231 moderatrix

425 4287 466 4335 ex
482 4273 592 4332 mutuo
614 4264 778 4353 percipere
795 4262 929 4354 poffimt,
954 4263 991 4330 ier
1011 4284 1082 4340 eas,
1108 4260 1166 4352 qui
1186 4280 1288 4350 pecu·
1332 4254 1546 4329 ssatuidebet.
1598 4251 1882 4343 Cirerserurutum
1899 4270 1996 4340 nota,
2020 4248 2200 4349 discrimen

426 4364 494 4436 otis
522 4362 687 4454 indigent,
726 4359 866 4455 difficiles
897 4372 995 4454 atque
1024 4360 1157 4428 immites
1176 4356 1286 4450 furat,
1331 4349 1646 4425 llotuendumimter
1662 4351 1818 4438 summam
1840 4355 1988 4444 pecunie
2000 4355 2199 4450 mojorem&

427 4451 609 4560 quinetiam
622 4459 978 4556 adsocilrjuraudum,
1004 4462 1156 4553 quodque
1169 4457 1288 4550 idfere
1330 4457 1498 4524 minorem.
1554 4453 1639 4522 ltem
1657 4451 1746 4521 irater
1768 4460 1892 4544 tempus
1911 4453 2041 4522 breuius
2064 4475 2103 4524 nc
2122 4456 2196 4526 tou·

426 4562 635 4655 consequitur
648 4562 691 4629 ad
701 4561 939 4656 jusjurandum
949 4559 1178 4655 abrogandum
1188 4560 1223 4626 ut
1240 4575 1292 4624 ot·
1330 4555 1419 4649 gius.
1473 4548 1626 4647 Exempli
1636 4553 1759 4644 gratia,
1785 4547 1892 4646 fiquis
1908 4546 2078 4621 florenum
2094 4576 2199 4626 unum

429 4662 580 4752 cupiarum
608 4661 754 4751 prebuit.
825 4659 1001 4728 Breviter:
1018 4668 1156 4748 propter
1172 4660 1291 4724 redum·
1331 4674 1429 4746 etque
1449 4647 1590 4722 alterum
1615 4646 1654 4717 ud
1680 4643 1818 4743 spatium
1842 4644 2001 4732 duorum,
2023 4648 2077 4720 vel
2096 4655 2199 4723 trium

428 4765 556 4831 dautem
574 4760 607 4827 in
627 4758 768 4828 bumana
789 4757 860 4824 vita
873 4757 1113 4852 peruersitatem
1134 4779 1202 4825 mam
1225 4778 1290 4824 mo·
1331 4746 1493 4820 mensium
1516 4747 1570 4816 ube
1592 4763 1748 4841 teporat,
1776 4744 1822 4816 ibi
1845 4745 1955 4818 nolim
1976 4747 2095 4822 audior
2115 4743 2202 4836 effe,

429 4861 472 4945 da
498 4880 566 4927 mare
588 4856 723 4952 prefuit
744 4859 823 4954 tegis
840 4859 964 4945 uirtus,
994 4877 1106 4929 uerum
1124 4857 1219 4926 etiam
1235 4854 1291 4928 ob·
1330 4870 1367 4920 ut
1391 4843 1523 4917 censam
1544 4861 1718 4948 propterea
1740 4847 1870 4939 exigas3
1897 4839 1954 4914 sed
1971 4843 1994 4914 sr
2011 4845 2092 4916 alim
2110 4852 2203 4944 quie·

391 5018 394 5024 .
420 4958 506 5058 suit.
1327 4951 1419 5044 piam
1435 4961 1591 5024 centum,
1616 4944 1788 5034 ducentos,
1803 4945 1857 5013 vel
1875 4949 1976 5016 etium
1989 4943 2084 5017 mille
2098 4942 2204 5020 floro

2119 5068 2184 5119 not
2192 5088 2203 5136 p
