4842 5859
569 350 640 431 ne
671 315 872 427 cocunt
902 346 973 422 ns
1005 344 1384 423 utereturne
1415 340 1699 430 nostrie-e.
1797 310 1803 321 ’

1932 375 2004 453 399

223 535 366 613 oraculo
395 534 459 609 illo
489 534 594 610 Zioni
624 533 804 632 proditio,
826 528 868 602 ad
886 533 968 605 eoei
991 526 1088 623 testa·
1132 529 1230 606 sacrae
1255 528 1544 621 adjumentorum,
1567 530 1713 631 deniq-ue
1742 527 1931 631 supremam
1965 537 2002 607 in

217 641 509 738 mentiettlefiem,
537 640 641 707 veteri
660 630 913 731 superllrudlam
929 634 1089 727 proxime
1133 649 1256 702 coetum
1277 624 1518 724 inlpedlienem
1542 658 1618 703 cum
1645 632 1810 728 extmplo.
1825 634 2001 730 probitatis

218 735 368 836 respici,
403 748 584 832 curamque
612 741 646 807 dc
669 733 806 804 tutelam
830 735 1020 829 principum
1046 728 1087 797 ad
1132 729 1395 821 coujuuCtem,a
1416 735 1565 829 principe
1583 737 1697 827 exigit.
1724 789 1727 793 .
1749 732 1889 829 Reliqua
1903 757 2001 830 argu·

178 816 195 913 ‚¹
215 840 367 914 messore
393 835 480 908 sacra
508 829 750 906 conversorum
776 829 886 900 eidem
916 829 1087 924 promitti,
1133 849 1245 927 menta
1261 827 1506 926 leuginspctita
1524 836 1598 904 heic
1614 855 1682 901 nou
1701 856 1885 905 moramur.
1947 855 2000 902 ue.

214 937 321 1008 nobis
343 937 480 1035 quidem
501 952 567 1004 tam
586 930 758 1027 probabile
774 928 1001 1013 ell,‘t1teiltil
1017 948 1088 997 ma·
1132 951 1208 999 uam
1228 933 1320 998 enim
1335 933 1463 999 ratione
1483 929 1647 1026 probabili
1666 955 1705 1000 ex
1724 929 1838 1002 officio
1854 935 2000 1018 ciuium,

249 1042 291 1111 is.
303 1045 362 1127 (4)
400 1038 478 1119 ‚Sed
497 1038 531 1102 iu
547 1035 608 1103 hac
623 1028 689 1127 ipsa
707 1029 922 1127 prodidieue
941 1051 1011 1096 nou
1030 1025 1088 1095 de·
1134 1027 1412 1122 protmagnttatu
1434 1024 1510 1100 licet
1530 1032 1688 1109 ethnice,
1721 1055 1836 1127 preces
1856 1030 2001 1101 funden·

215 1060 357 1208 bustum
378 1131 683 1231 deprehendimus,
707 1152 807 1226 quatu
824 1125 888 1198 late
908 1144 1014 1224 pateat
1031 1125 1089 1195 be-
1133 1125 1190 1205 di,
1209 1125 1332 1215 jurium
1361 1123 1572 1225 todegt‘eliem
1597 1128 1838 1202 administratio
1864 1129 2000 1225 colligi·

217 1231 331 1306 ncfica
371 1233 426 1302 illa
457 1229 626 1303 sacrorum
663 1253 769 1306 cura,
794 1216 951 1323 quasnam
981 1221 1089 1294 officii
1133 1227 1217 1304 tur?
1247 1226 1291 1296 Et
1311 1248 1478 1323 quonam,
1516 1226 1648 1328 quaelo,
1683 1226 1906 1303 fundamento
1932 1231 1999 1301 dici
2045 1262 2048 1267 <

216 1351 519 1432 partes,quaeuam
538 1322 1090 1421 juralulecompledletur3plene
1134 1320 1260 1418 potell,
1293 1324 1454 1420 regibus,
1479 1351 1557 1400 cum
1579 1328 1646 1422 ΡΙ.
1670 1335 1720 1403 ll.
1753 1350 1806 1401 ta.
1846 1322 1999 1399 Melitam

216 1444 316 1502 ‘uero'
334 1431 474 1528 potessas
497 1436 531 1499 iu
562 1424 752 1513 ecclesiam,
786 1430 821 1496 ot
846 1421 1088 1493 admiuilltetio
1133 1418 1294 1509 osculari,
1320 1426 1343 1496 i.
1356 1446 1394 1498 e.
1420 1424 1579 1524 religioso
1604 1427 1693 1499 celtu
1717 1431 1888 1512 venerari,
1915 1426 2001 1526 epus·

191 1529 462 1627 juriumroetui
484 1525 636 1600 faerber
656 1525 743 1611 line,
769 1528 804 1593 in
825 1545 926 1620 quotu
944 1519 1086 1604 coaluit,
1133 1523 1592 1620 queimperlumegnolcere
1612 1528 1790 1618 jubentur,
1826 1523 2002 1598 ulumim.
2067 1608 2071 1614 Ι
2115 1576 2127 1587 2
2199 1572 2204 1579 .

216 1633 514 1723 competentium,
552 1623 666 1696 nollre
693 1619 830 1721 quidem
862 1620 989 1714 judicio
1016 1642 1087 1690 nou
1113 1625 1218 1718 sperii
1234 1625 1322 1692 circo
1345 1644 1401 1706 ea,
1427 1629 1462 1695 lu
1481 1625 1600 1721 quibus
1616 1628 1738 1726 religio
1753 1626 1914 1714 conlrllit,
1934 1645 2001 1720 tra·

214 1711 778 1801 nec'etsanonemcombtnanets
798 1747 874 1792 cum
901 1725 998 1817 regie
1025 1716 1087 1789 illo
1133 1719 1241 1791 ditum
1257 1743 1294 1790 ac
1308 1718 1545 1796 confirmatum
1569 1720 1645 1805 elle.
1695 1726 1778 1797 Haec
1805 1723 1830 1796 lt
1858 1749 1927 1796 nen
1947 1729 2000 1811 inq

213 1851 366 1899 nnuuere
390 1825 554 1914 eruendi,
588 1822 726 1907 tuendi,
751 1818 954 1891 emendandi
978 1816 1085 1888 eccle·
1130 1825 1229 1890 certis
1250 1817 1516 1894 conclusontbus
1541 1823 1730 1911 eliciuntur,
1746 1824 2001 1922 uixquidquam

183 1923 316 1998 .···tiam.
366 1927 545 2023 idigitut,
569 1921 660 2020 qnod
683 1917 952 2006 effici'dcbebat,
976 1913 1086 1988 exdi·
1130 1936 1246 1991 centra
1260 1917 1390 2016 regulas
1410 1920 1505 1993 boue
1522 1927 1816 2021 argumentationis
1835 1929 2003 2022 impinge·
2108 1935 2111 1939 ’

216 2022 452 2122 idio-adlegeto
473 2019 620 2092 lolidem‘
634 2019 886 2111 'firmamentum
913 2040 983 2087 nou
1001 2017 1086 2085 acci·
1132 2042 1169 2089 re
1190 2017 1325 2106 dixeris.
1364 2017 1463 2106 sed,
1490 2024 1582 2119 quod
1598 2021 1811 2095 -dillitnulare
1835 2047 1903 2094 nun
1925 2017 1999 2119 pol-

216 2127 300 2221 pit.·
336 2125 464 2193 Eodem
492 2116 537 2191 ell
567 2125 653 2191 tutio
684 2117 930 2195 prociderem,
968 2115 1087 2204 quibus
1132 2113 1266 2202 brunus,
1294 2115 1391 2186 nobis
1406 2118 1543 2214 quidem
1570 2126 1713 2193 ntinime
1728 2117 1916 2218 persuasum
1934 2120 2000 2217 cll,

213 2215 383 2307 ··coetiuua
400 2223 513 2318 legum
531 2220 739 2305 obedientia,
754 2211 1087 2312 diuinorutuque'lla·
1108 2287 1114 2294 ,
1133 2220 1338 2312 antiquiores
1358 2216 1540 2316 theologos
1557 2220 1645 2292 dicia
1667 2222 1774 2292 medo
1796 2220 1936 2292 addudla
1957 2221 2000 2291 ad
2044 2290 2048 2297 ,

184 2312 200 2326 ’
216 2319 663 2417 euterutnoblervatieregi
680 2316 884 2413 iujtmgiture
904 2334 944 2385 ut
982 2319 1086 2389 Deus.
1134 2311 1426 2397 demonstrandam
1451 2318 1646 2414 potellotem
1676 2323 1835 2417 principis
1866 2325 2001 2391 univer·

221 2422 268 2495 -Χ
270 2423 362 2495 Vll.
376 2442 425 2503 re.
447 2418 537 2516 Jefi
558 2424 589 2494 1.
606 2440 639 2513 Ι.
669 2442 687 2490 2
708 2421 791 2513 Rtg.
810 2418 882 2488 XI.
901 2438 956 2490 ra.
969 2425 1085 2488 eser.
1135 2411 1203 2486 satus
1223 2409 1416 2487 adbibuille.
1442 2419 1616 2491 imovero
1635 2419 1669 2490 ld
1687 2415 1897 2515 potilsn'uum
1913 2413 2002 2516 iplos

213 2522 510 2597 lituum-etc.
562 2518 650 2588 Nem
674 2515 751 2587 lieet
768 2519 911 2608 omnino
940 2515 1009 2584 hoc
1030 2512 1087 2583 dc·
1131 2508 1238 2614 egisse
1266 2512 1432 2596 lletuimus
1448 2572 1468 2602 ,.
1492 2535 1528 2588 ut
1549 2542 1731 2606 commuue
1756 2521 1801 2615 pii
1825 2517 1998 2615 megillra-

215 2643 323 2707 anes,
350 2617 473 2690 uoned
489 2616 869 2714 priuataetantummodo
886 2608 1091 2709 pietatisllu·
1136 2634 1187 2686 tus
1208 2610 1379 2699 efficium,
1400 2609 1748 2688 ecclefiae'cemmudis
1767 2613 2002 2714 prospiciendi,
2043 2620 2050 2635 ‘

211 2718 495 2814 ›diutureligleue
508 2713 702 2795 santlill'nna
715 2713 875 2810 obllringi
891 2715 1089 2809 principem,
1136 2720 1171 2787 ὰ
1195 2707 1282 2782 sacra
1304 2717 1441 2807 puriore
1463 2735 1623 2811 quantum
1642 2717 1777 2813 quidem
1798 2713 1930 2808 illibatis
1948 2740 2004 2788 ec.

218 2813 279 2889 l'ed
302 2842 416 2888 curem
433 2807 572 2913 ‘quoque
593 2814 797 2911 peculiarem
821 2811 882 2909 iplt
901 2810 1085 2882 demande-
1137 2810 1241 2884 clel'tae
1262 2811 1384 2898 juribus
1394 2810 1465 2883 fieri
1477 2813 1596 2908 polilt,
1624 2813 1847 2907 procurandi,
1873 2841 1912 2885 ex
1926 2838 2004 2887 ora·

216 2936 292 2988 tam
305 2914 401 2993 elle,
425 2934 471 2986 ot.
490 2913 576 3009 apud
601 2912 787 3009 populum,
812 2918 863 2982 cui
885 2910 1022 3006 praeell,
1038 2913 1086 2980 di·
1136 2912 1220 2983 culis
1235 2910 1355 2980 divinis
1377 2912 1602 3000 declararent,
1637 2935 1805 2999 ceterum,
1820 2940 1897 2986 cum
1914 2914 2001 2990 didla

222 3020 292 3087 vini
308 3018 454 3086 nominis
471 3014 660 3098 honorem,
673 3007 876 3082 sandlita'tem
893 3009 978 3091 sitae,
996 3033 1086 3080 rnatu·
1136 3012 1192 3082 illa
1213 3008 1414 3107 magillrutui
1433 3013 1613 3083 chrisliane
1629 3013 1850 3108 adplicarent‚
1877 3038 1938 3087 uec
1958 3018 1999 3090 ad

223 3114 380 3187 datorum
412 3111 605 3182 diuinorum
640 3115 861 3181 reverentiam
892 3108 1085 3197 conservet,
1134 3111 1258 3183 limites
1274 3105 1633 3205 respexillevideutur,
1659 3110 1870 3207 quibuscum
1889 3108 2001 3187 sacro·

222 3214 414 3312 provehet,
437 3211 586 3300 adjuvet,
601 3211 639 3280 id
653 3230 764 3281 tamen
785 3233 888 3282 omne
904 3209 944 3279 ad
959 3206 1083 3279 conlit-
1121 3237 1207 3282 ¹rum
1226 3208 1430 3306 principibus
1445 3210 1639 3282 demandata
1659 3216 1907 3295 contineretur,
1932 3216 1994 3287 nec
2087 3268 2089 3273 ,

222 3318 413 3388 mationem
440 3306 600 3379 univcrsae
635 3314 721 3378 circa
759 3302 847 3377 sacre
881 3308 1084 3378 audloritatis
1131 3305 1993 3408 ntodtttrrdeliuiville,qttejurium'celltgt'eliemud.

221 3436 295 3486 non
318 3406 454 3494 sufficit,
478 3404 532 3477 led
553 3405 762 3502 vigilantiam
779 3398 931 3490 tautum,
956 3400 1086 3475 seruan-
1131 3403 1328 3479 inirrillretio
1346 3406 1387 3473 ed
1408 3412 1573 3503 principes
1600 3411 1812 3501 protestantes
1836 3412 1993 3487 translate

223 3507 273 3581 do
288 3504 399 3578 ordini
428 3505 683 3602 commodisque
711 3502 853 3573 eccleliae
878 3528 1084 3598 promeven-
1132 3507 1258 3580 ellet.¹
1406 3525 1408 3528 ’
1580 3516 1583 3521 ’

1184 3601 2001 3704 §.sV.Jemveroprogredimur‘edoltetomsen·

1816 3774 1817 3779 ,
1929 3729 2000 3780 teu·

221 3830 277 3909 (4)
296 3837 327 3891 lu
338 3831 435 3903 obit-tle
451 3833 573 3903 sensuque
589 3829 666 3900 hujus
684 3832 786 3889 oraculi
806 3832 978 3898 deliniendo,
997 3832 1025 3887 itt
1045 3851 1090 3889 va·
1175 3841 1230 3886 tem
1245 3830 1728 3901 communialeresententia,quum&
1745 3834 1936 3890 Gerunanvs
1953 3851 2002 3889 uo·

266 3917 321 3969 rias
335 3915 477 3968 sententies
492 3916 588 3966 abeunt
605 3914 773 3981 interpretes.
815 3907 913 3984 Judaet'
922 3916 987 3968 illud
1003 3926 1089 3970 trane·
1177 3914 1225 3968 llet
1234 3923 1259 3988 p.
1271 3918 1310 3972 28.
1328 3922 1435 3980 tuetur,
1457 3914 1507 3966 buc
1521 3914 1605 3981 redit,
1626 3929 1674 3980 per
1689 3906 1807 3977 Zieuetn
1821 3917 1899 3969 iuuui
1920 3911 2003 3970 eccle·

238 4007 240 4011 '
265 3996 355 4051 lerunt
371 3995 403 4046 ad
425 3996 620 4063 promissionem
641 3994 741 4046 suturae
762 3995 914 4065 felicitatis,
933 4015 1014 4064 quam
1033 3999 1086 4065 post
1167 3988 1237 4068 fiam
1250 4008 1311 4047 trev.
1330 3985 1389 4063 test.
1409 4007 1444 4043 ex
1458 3995 1623 4048 credentium
1640 3994 1814 4048 llrm'litarum
1830 3997 2001 4051 multitudiue
2098 4058 2100 4062 Α

222 3608 277 3681 dis
292 3610 535 3705 intentam&
556 3603 758 3676 alacritatem
781 3606 1008 3701 parandorum
1036 3608 1086 3677 tel

268 4075 383 4130 reditum
395 4076 422 4127 in
432 4069 598 4148 palestinam
614 4075 753 4128 iullaurtta
769 4077 883 4142 ipsorum
898 4079 1002 4139 ecclelia
1018 4079 1084 4145 olim

264 4156 371 4209 nedum
382 4155 421 4208 fit.
444 4156 482 4210 ub
492 4156 533 4208 his
544 4170 596 4206 uon
608 4160 719 4207 multum
729 4157 860 4210 abludunt
870 4157 931 4216 alil,
942 4159 1085 4227 ptael'ertitn
1102 4179 1108 4185 ·

201 4253 203 4257 ·
231 4235 236 4243 '
265 4250 301 4287 ex
312 4227 456 4309 edidicistis,
474 4236 518 4303 qui
532 4235 592 4287 inde
602 4237 740 4303 colligum,
749 4237 912 4304 splendorem
921 4239 1032 4292 erclestae
1033 4226 1086 4310 jd·v

264 4311 347 4368 darer
357 4317 419 4367 olitn
432 4316 586 4371 restitutum.
602 4330 746 4382 regumque
756 4316 780 4368 a·
791 4319 942 4384 reginarum
957 4319 1086 4377 conmea-

184 4434 195 4446 ,.
259 4395 338 4450 sione
349 4398 440 4464 cultu,
462 4396 615 4448 muneribus
631 4394 834 4451 'cortiacoratum
845 4397 887 4456 iti.
908 4390 1025 4450 Grotius
1040 4394 1086 4451 la·

263 4476 385 4529 ticinium
398 4468 542 4546 Effer'csnttm
559 4477 672 4546 expetiit
687 4478 720 4530 de
738 4469 864 4546 Jtrtdt‘t's.
887 4493 922 4529 ex
932 4479 1083 4546 captivitate

267 4548 436 4623 Babylonico
454 4557 597 4618 redituris,
631 4574 775 4627 regumque
802 4559 827 4612 tir
857 4559 1029 4627 regianum,
1057 4568 1087 4614 ut

269 4633 352 4704 Cyri,
375 4630 479 4696 Darii,
498 4634 681 4698 Artaxerxis,
706 4633 851 4709 Detnerrn',
875 4630 1087 4703 illibatissim-

262 4717 728 4792 patremmeum&tmntnnuatem
744 4720 903 4788 exportatis.
928 4712 1086 4789 Pontificio·

263 4800 410 4850 rutttmulti
421 4798 517 4850 dietum
528 4800 608 4852 ltotce
622 4796 650 4849 iu
661 4796 717 4865 luas
733 4805 840 4853 trabunt
855 4811 956 4870 partes,
978 4800 1087 4867 «ittaque

263 4876 475 4930 aoilotlteteneu
487 4878 566 4928 solum
578 4895 674 4931 nonnus
682 4879 831 4946 principum
851 4880 985 4933 nutriendi
1001 4881 1087 4933 ditan-

264 4957 344 5025 dique
359 4958 510 5016 e'ccltstnm,
533 4959 572 5008 led
585 4956 809 5023 &subjtftmuem
826 4978 917 5028 regum
936 4977 1087 5028 procerum·

262 5052 315 5105 que
332 5038 451 5091 reclusae
473 5038 604 5100 debltam,
631 5042 829 5108 supremamque
847 5042 874 5094 ln
895 5041 1087 5108 conpontificis

259 5117 364 5172 reeteoi
379 5119 532 5189 potestatem
551 5122 662 5188 probare
675 5119 838 5205 allaborent.
850 5101 1098 5188 Nostrata'umau(
1209 5152 1213 5157 -

1143 4090 1154 4099 ··
1174 4076 1392 4147 succrescentem,
1423 4074 1594 4143 gentiumque
1623 4074 1806 4129 aceeffionlbus
1839 4079 2006 4146 antplituam.

1129 4196 1135 4201 .
1175 4156 1243 4224 Ejus
1257 4164 1344 4206 sutem
1358 4149 1491 4210 nutricios
1506 4155 1560 4206 fet-e
1582 4155 1733 4224 principes,
1756 4158 1787 4206 ad
1799 4157 1876 4210 :idom
1887 4157 2002 4210 christie-

1126 4289 1134 4299 ,
1174 4253 1237 4291 nem
1254 4236 1408 4298 conversos,
1430 4237 1476 4303 qui
1496 4237 1609 4301 sul'cepte
1626 4237 1756 4288 sactorum
1780 4253 1842 4291 cate
1863 4238 2001 4292 ecclesiam

1176 4314 1371 4376 munificentiae
1381 4319 1440 4370 suae
1452 4317 1575 4368 sruutbns
1591 4319 1725 4374 certaturi.
1747 4333 1776 4371 ac
1792 4318 1865 4372 saluti
1874 4319 1931 4386 ejus
1941 4319 2015 4385 ,·‘lo·'
2028 4382 2031 4387 ἱ

1175 4396 1237 4450 ciali
1255 4394 1280 4447 dt
1296 4396 1413 4462 religiose
1431 4399 1481 4450 fide
1495 4397 1651 4464 prospestuti
1667 4396 1725 4451 sut.
1767 4399 1822 4451 Nec
1837 4400 1889 4451 fatue
1909 4401 2003 4454 suuda·
2038 4390 2043 4395 ’

1177 4487 1268 4529 mento
1279 4477 1396 4531 vaticinii
1414 4479 1486 4531 istius
1503 4479 1728 4545 complementum
1750 4474 1902 4546 resisterint·
1921 4481 2003 4535 reler-
2055 4538 2057 4542 ,

1177 4567 1221 4609 tet
1235 4555 1268 4608 ad
1292 4565 1409 4623 tempere
1425 4551 1650 4624 reformationis,
1672 4559 1715 4609 uei
1735 4574 1849 4620 munus,
1870 4561 2002 4616 ecclesiam

1162 4638 1222 4697 ,diu
1234 4638 1379 4703 oppressam
1392 4638 1535 4696 nutriendi.
1558 4640 1574 4691 i.
1586 4654 1608 4689 e,
1625 4637 1800 4700 emerulaudi,
1822 4641 1928 4698 tuendi,
1942 4658 2002 4707 pre·

1177 4716 1311 4779 vehendi,
1333 4718 1539 4771 incolumitatem
1557 4717 1613 4786 ejus
1635 4720 1808 4785 procurandi,
1831 4720 2004 4781 intrtnqitlta·
2064 4742 2074 4747 ’-

1178 4799 1249 4852 tibus
1263 4799 1368 4865 puriora
1387 4799 1454 4850 locta
1480 4798 1613 4868 amplexis
1641 4799 1710 4866 quali
1734 4800 1853 4868 revixit,
1873 4812 2003 4868 urensque

1178 4879 1336 4944 singularite
1347 4880 1462 4932 exseruit
1479 4883 1543 4931 cous
1557 4879 1590 4930 de
1601 4879 1723 4932 ttocditto
1732 4882 2005 4946 Lvrnawxpticu‘

1176 4958 1227 5022 tio,
1241 4959 1275 5012 ad
1286 4959 1421 5027 ptius-ipre
1430 4963 1601 5025 protestantes
1612 4958 1757 5023 translate,
1774 4975 1812 5034 op.
1822 4953 1925 5018 Wteb.
1934 4973 2003 5022 tete.
2079 4985 2086 4991 ·

1176 5032 1230 5093 IV.
1232 5036 1265 5115 Ι
1273 5039 1363 5099 arn&
1382 5031 1455 5111 Jeu.
1464 5054 1531 5097 tem·
1541 5034 1576 5096 V·
1578 5034 1663 5116 fist·
1738 5114 1741 5120 ¹
