4842 5859
275 268 277 275 ψ
436 347 487 426 rs
531 352 536 361 ·
577 288 2150 457 .ooovsaxv..ress11.cusossscnv.usunnncmrqn

431 499 619 598 *tulissetis
635 510 783 606 nympha
796 506 1017 606 leges-suasio
1030 507 1203 582 nodumis
1216 529 1299 577 con·-
1344 511 1496 604 privatus
1511 502 1756 604 legislationem
1776 503 1834 576 fibi
1858 500 2062 587 uindicarem
2082 497 2214 571 tamea*

432 601 595 697 gressibus
614 601 646 676 se
662 603 820 704 accepisse
833 606 1000 704 lingebat,
1024 606 1115 705 quod
1133 630 1150 675 a
1165 604 1297 701 sepum·
1371 603 1505 676 otoslate
1533 599 1731 702 exsequendi
1753 605 1865 700 lege‘ru
1890 599 2144 679 destitueretur,
2172 616 2211 666 at

366 791 368 794 Ι
435 697 596 774 latoribus
617 702 685 776 illis
708 702 835 777 fadum
867 702 1090 782 censendum,
1120 723 1192 774 tum
1219 707 1297 798 quia
1346 630 1402 775 sex
1424 699 1491 772 stne
1507 696 1716 774 exsecutione
1737 700 1782 771 esl
1803 720 1962 793 campana
1986 694 2053 766 fine
2074 690 2211 791 pillillo.

434 793 614 873 obscurior
634 801 785 896 quadam
813 802 903 875 sama
929 804 972 874 de
1000 803 1114 873 diviua
1142 793 1298 871 Mosaicae
1349 805 1396 892 a.)
1420 798 1597 875 Praesentia
1609 800 1784 872 direeirix:
1808 799 1897 870 Cum
1919 796 2010 865 enlm
2030 791 2087 864 lex
2109 793 2209 861 ratio·

276 955 281 965 .
363 945 367 950 -
436 893 522 992 legia
548 900 820 996 promulgatione
840 901 880 971 ad
901 897 988 999 ipsos
1018 900 1108 971 forte
1135 920 1300 994 pervene-
1348 923 1427 974 nem
1476 898 1661 982 ubetnandi
1682 906 1717 972 ᾱ
1742 920 1897 967 normam
1919 890 2040 988 agendi
2063 883 2208 986 praescri·

252 1087 254 1092 Ι
437 1014 506 1076 rat,
532 1017 603 1068 tum
618 1017 654 1068 ut
665 999 900 1071 testitudinem
922 1000 1005 1094 legis
1021 1023 1040 1068 a
1058 997 1170 1066 diviua
1186 1013 1299 1066 mente
1345 995 1426 1066 bere
1441 923 1579 1085 schem
1603 998 1682 1067 idco
1704 993 1877 1066 summoto
1896 987 2120 1086 legumlatore
2138 1007 2211 1083 pru·

197 1086 218 1108 '⁴
298 1130 301 1135 ·
437 1096 884 1204 promanareossenderent,
907 1099 1158 1191 tumdenique,
1180 1113 1299 1164 utma·
1345 1091 1456 1164 dentia
1472 1099 1670 1190 requiritur,
1701 1117 1760 1191 per
1777 1116 1874 1191 quam
1896 1093 1931 1159 in
1951 1085 2239 1184 legislationem·

437 1210 549 1289 potem
570 1193 696 1290 legibus
719 1192 782 1263 suis
808 1195 1038 1267 autloritatem
1063 1191 1302 1276 conciliarent,
1347 1191 1542 1283 νομοθεσίᾳ
1564 1191 1736 1290 dirigatur.
1802 1192 1853 1282 3.)
1880 1189 1965 1262 Boni
1991 1184 2116 1279 publici
2135 1179 2213 1274 sea·

343 1339 345 1341 -
437 1288 591 1362 l'atritiue
612 1291 667 1362 lib.
687 1294 710 1360 l.
728 1292 770 1363 de
789 1292 919 1387 republ.
934 1298 984 1365 tit.
1004 1319 1034 1375 ς.
1049 1310 1146 1386 atque
1162 1293 1206 1361 ita
1221 1313 1303 1359 eon·
1350 1294 1458 1362 diunt:
1490 1293 1584 1360 Finis
1600 1297 1690 1362 enim
1715 1289 1796 1384 legis
1824 1285 1867 1356 ell
1890 1285 2017 1354 bouum
2039 1277 2211 1379 publicum

291 1430 295 1436 -
437 1381 744 1483 suescendilegibus
757 1390 890 1460 taedium
905 1389 1197 1484 metuareligioais
1213 1390 1306 1457 evin·
1351 1411 1577 1485 promovere;
1612 1412 1697 1484 ergo
1718 1390 1759 1457 ad
1785 1383 1869 1456 iilud
1892 1403 2049 1478 tanquam
2072 1375 2115 1450 dd
2140 1372 2213 1450 sco·

266 1553 272 1563 ,
439 1505 544 1559 cerer.
577 1487 777 1557 Tolozanus
803 1487 860 1558 lib.
877 1489 952 1562 Vll.
980 1485 1023 1557 de
1049 1486 1177 1581 republ.
1197 1510 1227 1556 c.
1247 1511 1301 1566 ¹9.
1353 1511 1435 1582 pum
1460 1486 1630 1582 legislator
1651 1491 1749 1556 uuice
1772 1482 1870 1554 debet
1893 1476 2077 1576 respicere,
2105 1481 2142 1548 dt
2159 1497 2215 1546 eo-

234 1629 238 1657 Ι
308 1662 310 1667 ,
441 1604 478 1655 n.
500 1609 554 1666 ¹4·
590 1584 691 1653 Addit
711 1581 880 1655 Marfilius
906 1587 1039 1656 Ficiuua
1062 1587 1155 1655 bisce
1178 1579 1304 1652 fabula·
1352 1586 1529 1683 gitationes
1553 1578 1622 1652 suas
1642 1607 1759 1654 omnes
1782 1605 1824 1651 eo
1844 1578 2002 1675 dirigere.
2070 1576 2215 1647 Ratlouo

302 1670 309 1696 “
442 1701 520 1749 rum
546 1682 729 1752 involucris
750 1681 902 1773 mylleria
928 1683 1187 1778 quadam-tegi,
1226 1678 1305 1752 ficut
1354 1687 1448 1771 hujus
1464 1679 1564 1752 eausae
1582 1681 1753 1752 efficientis
1770 1673 2214 1749 instrumentalisoeimme·

442 1779 479 1848 sn
497 1777 617 1849 ritibus
638 1778 844 1870 pulcerrimae
866 1805 938 1849 uuae
959 1782 1122 1876 pampinis
1145 1778 1239 1848 tedlae
1261 1777 1305 1844 la·
1352 1779 1447 1850 diatae
1466 1781 1611 1849 Romani
1632 1774 1852 1872 jurisconsulti
1868 1781 1979 1871 legem
2000 1768 2135 1869 speciali
2160 1768 2213 1839 ad·

442 1891 536 1959 tent,
568 1875 700 1947 &ficut
720 1875 899 1948 Alcibiadis
918 1881 984 1948 ima
1023 1900 1099 1960 nea,
1124 1899 1202 1972 quas
1221 1873 1305 1946 Sile·
1353 1874 1750 1973 pellatioueficdidlarm
1777 1869 2213 1968 dilliuguuutaplebisea'tr's,

440 1974 679 2061 autumabat,
705 1970 819 2044 clausae
835 1882 1054 2046 tnonnrollm
1076 1969 1220 2066 speciem
1240 1996 1306 2066 prae
1343 1976 1482 2071 senator
1507 1976 1678 2074 consuitis,
1702 1987 1878 2069 pretorem
1901 1967 2031 2054 edistis,
2055 1970 2215 2063 ξυνέπον-

401 2124 405 2131 -
441 2064 670 2154 seserebant,
683 2092 895 2167 apertaevero
905 2071 1056 2144 diuinum
1067 2094 1190 2142 numen
1200 2068 1308 2139 oslen-
1344 2071 1511 2171 saliorum
1529 2076 1702 2172 response,
1729 2069 1774 2146 65
1784 2070 2003 2165 imperialibus
2014 2066 2216 2165 constitutio·

296 2208 309 2265 ‘.
375 2180 377 2188 '
423 2165 581 2247 debant.
631 2169 792 2261 Myslerla
812 2168 868 2239 illa
887 2167 931 2241 fic
948 2169 1088 2266 explicat
1106 2166 1308 2238 l'ic'coloml·
1355 2174 1469 2258 nibus,
1494 2170 1727 2243 ut'videreell
1752 2171 1775 2249 Ι,
1803 2197 1830 2239 ι.
1854 2167 2047 2246 insitire,
2081 2167 2216 2265 desere

427 2286 507 2334 ‚ncta
531 2263 1029 2365 graduis-phibmoncar.
1066 2272 1189 2340 Manat
1216 2266 1309 2336 lexa
1350 2274 1525 2355 natarali,
1559 2273 1708 2369 gentium
1735 2275 1769 2341 dt
1793 2264 1895 2338 civili.
1954 2267 2027 2336 Lex
2050 2261 2127 2363 ipfie
2155 2261 2240 2345 cll,-

435 2363 628 2462 sopr'eutia,
663 2367 723 2436 lter
745 2372 909 2441 Minervae
935 2369 1111 2448 tribuitur,
1134 2364 1309 2460 sapientie
1327 2414 1334 2424 -
1355 2370 1448 2468 quod
1474 2370 1616 2464 populos
1643 2370 1812 2439 Romanus
1835 2360 2001 2436 senatorio
2027 2360 2218 2461 magtllratu

316 2505 318 2510 .
435 2461 1216 2563 janlinrontemplatio,leeSotaruoeongruit.
1250 2474 1310 2536 Ex·
1356 2467 1458 2538 veluti
1475 2463 1610 2536 consule
1629 2459 2099 2560 interrogantecouslituebat.
2151 2461 2219 2537 rte-

442 2560 551 2655 posrit
564 2559 616 2632 lex
625 2563 814 2653 potestatem
831 2568 975 2659 regione,
994 2563 1059 2637 ,lter
1077 2564 1172 2657 Jour'
1192 2564 1312 2632 tribai·
1357 2569 1503 2662 trissitant
1520 2565 1562 2634 ell
1573 2619 1582 2650 ,
1595 2562 1696 2661 ·quod
1711 2562 1803 2660 plebs
1821 2556 2218 2658 plebejomagislratoln·

448 2671 528 2736 tur,
558 2661 700 2755 exposcit
712 2660 898 2759 justitiam,
929 2679 997 2756 pao
1015 2664 1142 2756 imperii
1155 2659 1230 2758 sol,
1263 2670 1310 2736 A·
1357 2682 1551 2759 terrogante
1568 2663 1671 2734 veluti
1691 2660 1827 2732 tribuno
1844 2655 2073 2731 conilituebat.
2119 2665 2220 2733 Serra·

445 2752 538 2852 pollo
557 2771 661 2828 notem
673 2759 733 2852 sot
750 2758 888 2845 dicitur,
915 2758 1056 2853 exposcit
1075 2762 1312 2855 eloquentiam,
1355 2765 1583 2858 tosconsaltum
1604 2759 1668 2849 eil,
1695 2756 1786 2855 quod
1799 2752 1927 2828 senatus
1940 2752 2220 2826 Romanusnullo

452 2867 492 2925 nt
503 2855 765 2950 persuadeatur,
791 2858 976 2959 eloquentie
989 2882 1065 2933 vero
1084 2862 1161 2929 deos
1178 2869 1315 2933 Merca·
1357 2863 1494 2935 tribuno
1508 2861 1734 2931 intercedente
1751 2852 1922 2926 sanciebat.
1973 2851 2081 2928 otton
2098 2864 2222 2948 preto·

449 2954 686 3058 etus-fingitur.
1360 2985 1431 3034 ram
1444 2955 1535 3045 suot,
1562 2982 1634 3054 quae
1646 2977 1716 3027 tum
1732 2972 1889 3050 praetores
1899 2951 2035 3040 urbani,
2057 2949 2222 3024 tumaedi·
2247 2981 2255 2989 ·

593 3111 600 3123 ·
1304 3100 1317 3125 Ι
1360 3058 1407 3128 les
1428 3056 1576 3138 curules,
1617 3076 1791 3151 antequam
1820 3049 2048 3144 magistritunt
2076 3053 2221 3135 inirent,

454 3167 655 3310 sspsspprlzu.
704 3147 1318 3321 1·l}§cngclllsllnstrmsellw
1361 3150 1631 3324 epbnseribebaot3
1647 3150 1852 3320 kprinalbo,
1877 3145 2019 3317 huoggi,
2043 3147 2223 3317 tabulape·

448 3325 598 3410 Ι
608 3355 646 3390 Ι
800 3263 1323 3446 ,inesseslsttttt
1362 3267 2224 3447 nstrum?utrumuis

368 3500 370 3509 .
452 3409 588 3521 ΜΨ·
702 3443 892 3539 republica,
925 3452 983 3541 qui
1008 3443 1132 3518 semina
1156 3446 1244 3544 legis
1260 3471 1318 3518 na·
1337 3491 1347 3505 ι
1364 3449 1528 3544 Responsa
1543 3445 1846 3545 jurisconsultorum
1861 3441 1913 3513 vel
1931 3442 2135 3540 prudentum
2150 3439 2225 3513 suut

470 3615 472 3621 ,
701 3539 814 3615 ruralis
834 3542 930 3615 cordi
954 3542 1046 3615 iufita
1067 3545 1246 3643 diligenter
1262 3569 1319 3615 ex·
1364 3544 1521 3623 sententia
1544 3570 1683 3625 eorum,
1717 3544 1836 3642 quibus
1859 3536 2052 3637 permissum
2079 3558 2151 3613 erat
2179 3538 2225 3610 de

451 3633 655 3716 coluerunt,
682 3643 716 3711 dt
733 3639 891 3736 poteslate
910 3641 1152 3738 rempublicam
1176 3640 1320 3714 admini·
1362 3649 1433 3739 jure
1447 3642 1667 3741 respondere,
1692 3647 1749 3739 qui
1767 3660 1889 3711 tantam
1902 3639 2096 3711 obtinebant
2108 3637 2226 3732 auslof

337 3822 341 3830 ⁴
454 3734 748 3808 slrandidivinitus
764 3738 934 3827 iullrusli,
957 3742 997 3810 ad
1013 3739 1102 3828 illius
1119 3737 1255 3812 salntem
1270 3761 1318 3812 nt·
1360 3750 1511 3828 ritatem,
1537 3762 1572 3813 ut
1597 3742 1694 3834 judici
1714 3739 1754 3809 ab
1778 3762 1897 3809 eorum
1915 3733 2072 3832 responso
2092 3761 2169 3808 troo·
2183 3736 2226 3810 li

324 3922 328 3932 Ι
378 3839 380 3845 ’
418 3857 522 4000 -pue
535 3834 755 3905 commodum
770 3838 1040 3933 promovendum
1058 3864 1099 3909 ex
1110 3839 1223 3910 habitu
1244 3863 1321 3934 pru·
1361 3862 1452 3914 cerer
1470 3838 1638 3912 recedere.
1697 3840 1881 3930 Principum
1903 3833 2025 3931 placita
2047 3837 2103 3908 vel
2127 3840 2225 3931 inpe-

268 3944 273 3952 “
482 3934 579 4023 entire
596 3930 685 4026 leges
704 3930 855 4026 positivae
873 3932 1138 4030 depromseruut.
1187 3935 1322 4008 intelle·
1361 3953 1508 4011 rarorum
1524 3938 1768 4025 constitutiones
1786 3931 1859 4007 sunt
1876 3940 1946 4026 jus,¹
1971 3932 2062 4033 quod
2079 3939 2225 4031 impera·

187 4062 189 4067 ¹
292 4072 305 4107 „v
454 4045 580 4101 nerunt
598 4034 688 4099 enim
708 4043 882 4107 exuetere
901 4035 1021 4106 laete&
1038 4037 1321 4128 experientieme·
1362 4056 1451 4112 tores
1466 4039 1613 4108 Romani
1627 4035 1962 4134 occupatorepublica
1982 4031 2034 4105 vel
2049 4027 2225 4129 rescriptis,

452 4124 614 4224 gislerio,
649 4126 863 4227 adcuju'sque
887 4131 1078 4226 reipublicae
1091 4126 1235 4205 reticem
1258 4158 1320 4230 gu·
1366 4135 1419 4206 vel
1442 4133 1696 4225 decretis,·uel
1719 4133 1834 4206 edidis
1857 4131 2108 4204 constituebant.
2159 4135 2226 4205 Re.

454 4225 690 4298 bernarionem
709 4224 761 4294 rel
778 4233 923 4300 maxime
935 4226 1245 4325 requiriioropeseer,
1272 4231 1321 4302 le·
1354 4235 1487 4330 scripto
1503 4252 1613 4319 erant,
1638 4232 1754 4331 quibus
1770 4234 1933 4330 priucipee
1950 4232 1990 4300 ad
2003 4228 2136 4301 libellos
2151 4225 2227 4326 sup-

458 4347 542 4421 gem
580 4319 705 4394 scilicet
739 4325 953 4398 honestarum
990 4328 1319 4427 proruulgatiouem,
1356 4334 1487 4432 plicet,
1512 4337 1545 4405 ἅ
1567 4330 1607 4400 ad
1628 4330 1876 4426 uragislratuum
1896 4322 2079 4400 absentium
2096 4322 2227 4401 consui·

453 4422 583 4520 ,absque
601 4443 664 4518 qua
686 4417 1034 4521 &anastasiorum
1051 4431 1086 4499 iu
1111 4430 1244 4500 civitate
1266 4426 1318 4496 lo·
1363 4437 1506 4504 tationes
1525 4428 1777 4526 respondebant.
1827 4439 1967 4504 Decreta
1986 4447 2082 4498 erant
2101 4421 2227 4499 seuten-

316 4576 322 4596 ..
454 4537 538 4592 eum
562 4522 684 4592 habere
702 4525 828 4616 nequit.
887 4522 974 4594 Tria
997 4545 1080 4596 vero
1100 4530 1137 4597 iu
1157 4523 1326 4624 legurnla··
1365 4533 1439 4615 tiae,
1463 4551 1541 4625 quas
1560 4531 1725 4623 principes
1740 4523 1831 4597 causa
1851 4531 2004 4620 cognita,
2035 4531 2068 4597 dt
2089 4545 2229 4620 utraque

680 4621 1008 4714 torerequiruutnr:
1048 4626 1097 4713 r.)
1117 4627 1320 4718 Publionpo·
1365 4646 1457 4726 parte
1479 4625 1609 4712 audita,
1643 4622 1913 4720 pronunciabant.
1979 4625 2102 4696 Euroo
2128 4648 2229 4717 vero,

413 4742 417 4752 ·
441 4718 599 4818 ..semma
679 4714 797 4807 teser,
830 4721 905 4811 quia
932 4717 973 4789 ad
1001 4724 1139 4815 privatas
1169 4717 1322 4818 personas
1390 4725 1485 4797 uibus
1504 4722 1605 4794 iidem
1625 4748 1693 4793 non
1710 4723 1752 4794 de
1770 4744 1856 4794 certa
1872 4720 2013 4818 quadam
2030 4741 2231 4811 controver-

452 4805 614 4878 remitm-
684 4839 754 4899 non
767 4810 889 4911 speslat
904 4815 994 4912 leges
1005 4813 1116 4905 ferre,
1142 4812 1196 4891 sed
1212 4823 1320 4917 potius
1367 4751 1431 4910 ba,
1454 4817 1509 4897 sed
1528 4820 1569 4892 de
1581 4827 1653 4912 iure
1670 4821 1783 4916 aliquo
1799 4845 1890 4892 novo
1905 4820 1990 4890 bene
2004 4819 2230 4915 derepublica

681 4910 814 5021 legibus
830 4937 969 5018 parere:
1002 4914 1079 4987 act’r
1103 4915 1154 4993 rel
1170 4923 1318 4995 maxine
1366 4918 1542 4998 sentientes
1566 4918 1656 5025 quasi
1673 4919 1956 5018 novamnliquam
1975 4915 2087 5025 legem
2109 4919 2231 5091 copiti·

1771 5028 1775 5035 '
2090 5038 2149 5093 ωε
2172 5035 2239 5092 aut.
