4842 5859
428 321 510 411 eas
827 286 833 298 ’
900 327 1087 408 cocus
1112 324 1235 406 xxv.
1275 323 1407 402 rans
1431 324 1458 403 r.
1514 325 1698 406 carvr
1737 330 1766 409 r.

440 520 525 572 vero
542 498 583 573 ad
599 494 954 598 prescrtprnuiegum
974 496 1164 573 divinarum
1180 494 1227 572 ed
1245 492 1304 568 ad·
1331 490 1476 591 scientie
1495 495 1688 572 erudiendae
1718 504 1754 574 ἁ
1785 495 2009 573 informandae
2042 498 2141 584 sunt,
2172 512 2213 568 tst

439 596 561 672 nctus.
612 598 673 668 illa
689 616 814 668 armata
834 595 877 666 cll
894 595 1008 694 gladio
1027 598 1218 695 corporali,
1234 598 1306 670 bace
1336 588 1460 686 soient,
1485 590 1524 668 se'
1540 594 1663 669 versari
1687 603 1722 669 in
1744 597 1824 669 lictu
1849 597 2008 673 divinitus
2030 602 2213 683 ordinato,

439 720 523 768 vero
545 693 725 793 spirituali,
748 697 854 765 verbo
867 692 990 769 scilicet
1014 702 1048 769 dt
1069 698 1161 768 clave
1182 694 1309 794 ligante
1340 719 1379 766 ac
1396 694 1539 787 proinde
1553 701 1653 769 etiam
1674 696 1751 769 Deo
1775 695 1952 793 placente,
1973 724 2037 771 nec
2072 695 2213 795 turben·

442 818 480 865 ac
500 790 659 866 solvente.
711 788 923 893 ³.)Subjeiio
937 799 1086 890 proxime
1103 822 1113 881 3
1133 794 1305 865 aliaeenim
1335 813 1393 865 tur
1409 790 1632 866 fanaticorum
1656 791 1956 893 disputationibus,
1980 798 2060 871 huic
2086 796 2213 870 divinae

348 942 362 947 --
380 955 382 959 .
441 887 978 988 personaesuogunturministerio
992 892 1223 979 ecclesiaslico,
1234 890 1306 961 alia
1341 889 1546 964 ordinationi
1559 897 1676 990 quovis
1691 892 1798 964 modo
1815 894 2082 985 detrabentibus,
2109 910 2212 989 atque

442 1014 526 1061 vero
543 989 731 1087 magistratu
745 992 905 1088 politico,
929 1015 1037 1090 neque
1055 996 1146 1063 enim
1159 991 1308 1064 conuenit
1339 1012 1374 1060 ut
1390 987 1536 1080 discant,
1563 994 1740 1083 quomodo
1755 996 1788 1061 in
1804 993 1871 1061 boc
1897 989 1977 1064 slatu
1994 990 2061 1066 sese
2074 1009 2211 1093 gerere,

443 1114 545 1163 renam
577 1090 699 1162 laten
731 1092 890 1185 duplicem
913 1092 1160 1189 profeffioeem,
1195 1085 1308 1160 scribit
1340 1092 1375 1159 dt
1405 1094 1553 1161 muueris
1578 1085 1625 1160 sui
1648 1104 1754 1186 partes
1776 1089 1867 1161 nesle
1894 1089 2122 1165 adrninislrare
2151 1085 2213 1159 de·

336 1192 340 1199 “
443 1187 639 1261 Ambrosius
659 1193 692 1258 in
717 1211 899 1263 comment.
926 1215 959 1267 a.
980 1191 1139 1263 Timoth.
1158 1185 1220 1285 4.)
1239 1187 1306 1263 Ob·
1339 1185 1448 1259 beant.
1498 1186 1607 1258 Exslat
1624 1192 1659 1258 in
1684 1208 1781 1259 tomo
1797 1181 1944 1257 secundo
1964 1212 2106 1287 operum
2129 1208 2210 1284 ger·

429 1278 551 1385 ‘jesio;
575 1284 715 1378 poteslas
733 1286 944 1359 ecclefiatlica
966 1310 1147 1386 occupatur
1161 1292 1195 1357 ln
1209 1285 1307 1356 iebus
1340 1289 1549 1360 manicorum
1566 1281 1723 1384 scripturn
1741 1286 1879 1356 Lutlteri
1889 1286 1930 1356 de
1940 1288 2131 1387 mugillratu
2144 1307 2210 1381 po·

444 1381 664 1482 spiritualibus
679 1384 718 1454 ad
736 1381 872 1458 salutem
895 1383 1162 1483 consequendam
1188 1389 1309 1456 imme·
1341 1379 1455 1469 litico,
1483 1382 1593 1482 deque
1609 1382 1868 1475 obedientiailli
1893 1386 2091 1479 praeslanda,
2116 1380 2210 1485 quod

445 1487 533 1556 diate
548 1479 785 1579 speslantibust
810 1484 946 1582 politica
969 1508 1052 1556 vere
1068 1489 1103 1556 in
1120 1483 1217 1556 rebus
1233 1505 1309 1555 cor·
1343 1505 1420 1552 cum
1445 1480 1662 1560 Frideticue,
1696 1482 1851 1575 Saxoniac
1875 1484 1969 1571 dux,
2006 1480 2141 1582 sapiens¹
2160 1480 2210 1552 di-

445 1582 614 1681 poralibus
638 1587 672 1653 dt
695 1587 854 1671 externis,
879 1583 919 1654 ad
944 1576 1081 1656 salutem
1105 1578 1310 1676 consequen·
1343 1578 1440 1667 dius,
1469 1576 1620 1676 legisset,
1648 1580 1841 1678 prolatitia
1868 1575 2060 1670 exsultavit,
2082 1576 2212 1659 acsub·

446 1679 525 1752 dam
551 1676 713 1775 indirec'le
735 1705 771 1751 ac
794 1683 937 1753 mediate
961 1682 1114 1754 duntaxat
1138 1677 1311 1779 speslauti·
1332 1677 1415 1748 latis
1432 1683 1466 1748 in
1486 1679 1608 1750 coelum
1624 1679 1774 1751 titanibus
1790 1677 1867 1750 Deo
1880 1684 2004 1776 gratias
2018 1674 2221 1781 egit,quod·

445 1776 517 1852 bus.
573 1778 622 1866 ς.)
647 1779 805 1875 Effodis3
833 1805 893 1876 per
912 1779 1131 1853 minislerium
1160 1774 1310 1849 ecclelia·
1343 1800 1384 1847 εκ
1395 1774 1507 1872 sacris
1527 1779 1630 1852 literis
1642 1781 1711 1874 jorn
1740 1781 1905 1874 cognituri
1931 1790 2029 1876 atque
2054 1782 2212 1875 exploro·

444 1877 562 1949 slicum
582 1870 741 1971 dispensat
758 1879 847 1950 Deus
861 1878 1022 1951 beneficia
1035 1875 1232 1973 spiritualia,
1258 1898 1311 1946 re·
1343 1886 1410 1946 itam
1426 1887 1573 1965 ureret,
1589 1876 1683 1971 scie
1703 1878 1859 1975 &asmodi
1873 1880 1988 1951 ordine
2004 1877 2209 1970 constitutam

446 1973 637 2048 miffionem
666 1996 902 2071 peccatorum,
927 1975 1198 2074 tranquillitatem
1229 1984 1320 2044 con·'·
1342 1969 1421 2070 effe,
1447 1977 1504 2072 qai
1527 1985 1633 2053 Deam
1650 1977 1811 2050 cessorem
1838 1975 1973 2062 babeat,
1999 1976 2046 2051 θ
2072 1980 2109 2049 in
2136 1990 2204 2075 qod

444 2070 588 2146 scientie
605 2077 788 2163 internam,
803 2076 1020 2151 donationem
1031 2077 1175 2172 ¹Spiritus
1190 2070 1311 2151 sancii,
1341 2076 1426 2145 bono
1446 2073 1636 2170 constitutio
1656 2074 1782 2171 vasari
1791 2118 1802 2158 ,
1820 2081 1956 2170 Deoqae
1969 2078 2209 2173 platerepoffii.

413 2226 416 2253 2
447 2176 482 2247 dt
507 2175 608 2269 uitam
627 2190 794 2247 aternam.
856 2175 918 2245 Per
948 2174 1173 2273 rnagillratum
1197 2169 1311 2270 politi·
1341 2170 1450 2243 iliad
1476 2172 1623 2244 debitam
1650 2172 1851 2271 magiilratui
1870 2172 2096 2247 obedientiam
2124 2175 2228 2275 pr're-'

446 2294 525 2343 oum
542 2263 712 2343 conservat
726 2296 841 2367 pacem
860 2277 893 2345 dt
910 2270 1184 2368 tranquillitatem
1201 2288 1307 2340 exter·
1340 2267 1487 2341 slaadem
1512 2270 1692 2359 incitandi,
1719 2276 1760 2358 ¹dt
1784 2270 1901 2365 quibus
1927 2272 2120 2347 obedientia
2148 2271 2209 2351 ills

445 2392 546 2445 narn,
573 2365 776 2440 adruinillrat
803 2368 955 2461 justitiam
980 2368 1134 2453 civilem,
1160 2363 1312 2438 defendit
1339 2372 1538 2443 terminetur
1561 2368 1736 2456 limitibus,
1762 2367 1948 2446 erudiendi.
2052 2372 2056 2377 ’
2098 2374 2101 2385 “
2188 2386 2193 2401 ·“

432 2463 643 2554 saculares,
667 2462 791 2537 sarnam
813 2473 847 2541 dt
880 2490 1023 2565 corpora
1057 2466 1186 2551 nollra,
1212 2484 1310 2563 atquc
1722 2503 1729 2517 ·
2057 2474 2092 2531 “.

422 2582 622 2635 ¹euteruum
645 2562 787 2635 ecclesiae
803 2570 1050 2637 munimentum
1068 2563 1204 2661 praellat.
1261 2565 1309 2652 6.)
1389 2558 1422 2660 §
1435 2563 1493 2637 lV.
1517 2562 1714 2638 Notandum
1725 2587 1807 2635 vero
1825 2565 1892 2637 hoc
1906 2564 1957 2639 lo·
2010 2565 2185 2632 Titulus·-

446 2667 556 2748 Modo
585 2662 793 2755 exsecutionis
814 2664 857 2751 Ep
874 2664 1183 2756 administrationis
1206 2664 1306 2732 mini·
1340 2684 1403 2739 co,
1427 2660 1518 2756 quod
1533 2664 1646 2734 titulus
1657 2664 1698 2734 de
1711 2664 1907 2761 magistratu
1920 2663 1958 2738 lit
1997 2649 2203 2757 jum

447 2759 513 2832 sler
531 2756 672 2844 ecclelia
698 2785 767 2830 non
793 2785 851 2860 per
870 2762 1064 2858 quaesliones
1092 2761 1252 2831 uiolentas
1273 2763 1308 2832 dt
1360 2757 1956 2858 uodammoduangullior,cumnon
2067 2762 2072 2777 “
2122 2756 2127 2763 “
2248 2852 2251 2857 ¹

447 2874 640 2941 tormenta,
667 2851 721 2931 sed
762 2883 798 2930 er
815 2860 1084 2956 predicationem
1099 2857 1181 2955 legit
1197 2860 1231 2926 in
1253 2855 1308 2927 de·
1336 2782 1448 2929 solum
1470 2859 1513 2928 de
1530 2858 1738 2956 tnagislratu,
1764 2856 1818 2955 sed
1836 2863 1934 2939 etiam
1952 2858 1998 2933 de
2011 2856 2150 2936 lirbdltie
2164 2865 2203 2935 ld

444 2956 525 3031 iton
547 2959 700 3050 inquirit,
727 2882 816 3029 licus
836 2964 904 3054 agit
922 2957 1126 3056 magillratus
1142 2953 1306 3053 politicus.
1340 2955 1408 3026 boc
1431 2955 1574 3027 articulo
1595 2955 1634 3028 fit
1647 2959 1866 3029 tradlandum.
1934 2960 2095 3058 Duplicea
2117 2964 2208 3033 enin

444 3052 602 3129 Minillet
626 3052 769 3124 eccleliae
802 3057 935 3142 verbo,
962 3052 1309 3127 excommunicatione
1339 3049 1489 3150 personae
1502 3053 1543 3124 ad
1559 3055 1834 3126 conllitutionern
1854 3057 2045 3153 reipublice
2065 3072 2208 3131 concut-

445 3160 481 3231 ᾱ
499 3154 598 3223 clavis
614 3149 746 3247 ligantis
768 3148 825 3225 usu
841 3169 975 3224 coercet
991 3153 1241 3249 delinquentes,
1264 3170 1310 3221 at·
1339 3172 1416 3221 rum
1436 3166 1591 3246 tanquam
1607 3148 1783 3225 essentialia
1798 3160 1831 3226 dt
1847 3159 2042 3253 integrautia
2057 3156 2207 3247 eiusdem
2244 3210 2251 3221 .

471 3275 512 3321 ue
533 3251 640 3344 arguit
655 3251 753 3319 etiam
775 3254 933 3322 interiora
949 3250 1093 3336 delidla,
1113 3258 1153 3329 vdt
1170 3245 1305 3320 abscon·
1340 3247 1511 3339 membra,
1538 3242 1693 3322 uidelicet
1714 3251 1919 3350 magistratus
1934 3261 1968 3327 dt
1980 3252 2140 3353 subditi3
2155 3248 2207 3327 llll

354 3370 359 3379 ‘
445 3275 549 3420 diram
573 3344 685 3417 cordis
713 3349 987 3421 immunditiem:
1014 3338 1218 3440 mapillratus
1241 3345 1310 3443 gls—
1338 3343 1496 3445 praesunt,
1522 3349 1557 3418 hi
1577 3345 1727 3438 subsunt,
1753 3353 1861 3422 illiim
1888 3372 2000 3439 erant,
2015 3356 2049 3424 bi
2072 3350 2209 3451 parent:

445 3448 505 3519 dio
524 3449 618 3542 puuit
638 3463 828 3541 peccantes,
852 3454 1035 3520 &externa
1059 3446 1212 3517 duntaxat
1225 3445 1310 3515 deli·
1339 3470 1417 3517 curu
1432 3445 1616 3538 respublica
1637 3448 1722 3518 nihil
1742 3448 1830 3519 aliud
1860 3468 1911 3528 rt,
1935 3448 2036 3548 quain
2054 3448 2209 3531 ardoli-

447 3544 497 3623 dia
512 3549 549 3614 in
567 3547 671 3642 poenis
685 3541 879 3647 infligendis
892 3542 1025 3645 spedlat.
1042 3544 1260 3623 Deuclsilll.
1276 3572 1309 3633 4.
1332 3547 1521 3639 percutiant
1549 3567 1588 3615 oe
1600 3550 1787 3640 potentium
1806 3550 1899 3619 certis
1922 3551 2059 3622 tactem
2083 3540 2211 3649 iegibus

276 3736 294 3753 κ
432 3638 588 3743 &seqq
1156 3666 1163 3672 ·
1341 3644 1571 3719 deuinsioram.
1623 3644 1815 3715 Arillotelea
1834 3644 1890 3719 lib.
1910 3648 1935 3719 1.
1962 3644 2058 3745 polit.
2077 3638 2156 3749 cap:
2176 3672 2208 3727 3·

385 3834 388 3839 Ι
847 3804 860 3813 ,
1339 3740 1474 3811 Redlius
1495 3742 1651 3839 igiturde
1665 3740 1804 3834 politiis,
1822 3743 1875 3813 vel
1889 3745 1930 3814 de
1953 3744 2074 3823 ordine
2093 3745 2218 3845 politi·-

448 3834 564 3900 matteas
579 3838 617 3905 ἐφ’
743 3834 776 3935 §.
804 3837 863 3912 lll.
909 3839 1078 3913 Caeterum
1100 3861 1170 3909 non
1198 3828 1309 3910 solutu
1341 3832 1456 3909 co'hic
1476 3839 1631 3910 articulus
1655 3838 1906 3929 inscriberetur,
1931 3839 1986 3914 sed
2011 3846 2210 3919 nolur'nuta

445 3918 645 4016 fiftfflml'l·
695 3939 798 4015 utile,
814 3932 868 4007 sed
885 3945 985 4009 etiam
1012 3934 1306 4034 accesserimus,
1339 3953 1471 4031 recepta
1493 3937 1528 4008 in
1547 3935 1681 4007 ecclesia
1706 3938 1866 4035 loquendi
1897 3934 2208 4023 cousuetudinese·

336 4088 339 4093 .
440 4002 647 4079 mmmm
693 4034 883 4106 doslrinam
903 4037 945 4107 de
962 4037 1149 4135 magillratu
1165 4030 1308 4130 politico
1339 4032 1488 4118 cedere3
1523 4037 1659 4107 interim
1691 4054 1803 4107 tamen
1836 4039 2052 4121 evidentioris
2078 4044 2209 4112 ordinis

692 4134 779 4222 inter
799 4141 904 4230 capita
926 4132 1006 4205 fidei
1029 4132 1213 4207 circillianae
1241 4151 1305 4203 tra·
1341 4128 1434 4202 causa
1456 4131 1534 4202 duae
1555 4136 1753 4231 principales
1771 4136 1867 4225 hujus
1881 4128 2011 4208 itticuli
2026 4130 2209 4211 conslltue-

443 4218 766 4324 neeleamites,
792 4248 862 4303 tum
880 4250 1017 4328 propter
1040 4256 1123 4318 eor,
1149 4234 1206 4329 qui
1233 4255 1304 4300 ma·
1341 4254 1414 4300 mus
1435 4249 1565 4323 partes,
1589 4232 1728 4328 quarum
1741 4232 2205 4337 pctoragudemgaflnre.

441 4320 612 4417 qislratum
639 4349 759 4422 gerunt
785 4335 818 4402 ἁ
839 4335 1039 4427 imperant,
1068 4349 1142 4401 tum
1166 4347 1304 4426 propter
1340 4327 1507 4426 pollerior
1528 4329 1569 4400 de
1575 4334 1733 4428 sudditis.
2057 4382 2060 4387 -

439 4440 519 4509 eos,
544 4428 603 4523 qui
622 4422 824 4527 magistratui
853 4450 982 4529 parent.
1045 4428 1188 4503 illorum
1223 4448 1304 4498 con·
1406 4520 1409 4533 Ι
1440 4416 1461 4435 ’“
