4842 5859
341 385 343 389 ·
424 359 497 455 μό
848 301 1174 420 rocusxrtv.
1232 339 1414 435 eruar.
1465 335 1734 416 carvrrv.
1863 344 1868 349 ·

415 539 463 608 ¹iu
477 526 674 629 quibusdam
687 525 843 602 duntaxat
863 525 1020 616 ienibua,
1045 521 1229 627 praesertim
1244 545 1296 596 ea·
1337 546 1375 595 re
1393 524 1527 597 uidetur
1536 520 1735 618 pulcritudo.
1773 518 1858 593 Dius
1874 522 2120 625 pythagoricus
2132 526 2215 626 'illl

425 631 596 732 pularibus
610 630 788 718 obtinent,
814 653 853 702 ac
882 647 1062 728 propterea
1085 650 1192 725 nequa
1217 649 1295 697 uam
1338 622 1509 696 Stobaeum
1523 619 1584 696 ier.
1601 624 1719 694 LXlll.
1771 622 2092 726 ligurgiapriucipia
2106 624 2213 700 forma

427 731 647 817 evincunt‚in
662 727 886 827 magistratum
904 749 975 799 non
991 722 1179 824 putenm
1194 650 1314 797 liber·
1338 719 1385 791 ‘st
1404 709 1650 822 dd⁰i⁰i⁶iil⁰⁶
1663 718 1850 810 sswlmloe’
1873 747 2009 823 ’ΨΜ
2028 726 2214 825 “Ῑ”9“’Ῑ”“

425 855 464 903 re
483 828 563 926 eligi
581 826 695 915 senes,
711 832 768 925 qui
787 819 980 898 adhucsunt
999 830 1188 924 vegetiores
1200 840 1213 914 3
1226 848 1296 896 non
1339 814 1475 908 lclllll⁰2
1502 824 1609 918 lssqssli
1632 818 1822 890 C²s¹¹⁹⁸d²⁸
1845 820 2077 922 Phl¹⁰s⁰Pl¹¹¹³·
2138 826 2215 900 Οὐ*

427 933 518 1000 enirn
532 950 598 998 ram
612 929 789 1022 corporis,
816 949 914 1022 quam
930 929 1034 995 animi
1053 921 1198 1010 viribue,
1217 946 1293 1019 pru·
1338 939 1455 992 contra
1472 944 1510 993 ac
1524 923 1676 1017 corporis
1690 915 1887 992 deformitas
1899 929 2029 996 virtutis
2043 923 2215 1026 laudisque

289 1048 291 1053 ’
425 1027 567 1104 dentia,
593 1025 790 1097 auctoritare
817 1031 851 1098 ἀ
880 1027 1085 1120 experientia
1114 1025 1295 1121 imperium
1337 1019 1482 1116 gloriam
1507 1018 1618 1118 aliqua
1636 1041 1679 1089 ex
1697 1022 1798 1114 'parte
1823 1023 1975 1094 minuere
2005 1025 2156 1110 vitietur,
2182 1027 2215 1097 dt

279 1859 282 1864 -
417 1833 524 1885 runt:
560 1816 612 1905 r.)
633 1816 729 1887 Deus
743 1816 811 1911 ipse
832 1814 933 1888 talem
954 1815 1123 1887 conliituit
1140 1812 1293 1885 israelitis
1334 1832 1405 1884 uem
1428 1811 1522 1911 ψεῖ

422 1130 564 1227 geritur.
1336 1121 1513 1190 bominem
1529 1119 1718 1188 obnoxium
1728 1113 1868 1188 reddere
1880 1118 2137 1194 detrudioribus.
2159 1121 2217 1191 i'a·

1336 1216 1528 1308 tritiusqlib.
1542 1221 1591 1308 li.
1614 1215 1656 1285 de
1676 1236 1786 1310 regno
1806 1219 1857 1288 tis.
1883 1242 1914 1297 ³·
1971 1217 2022 1319 ς.)
2048 1222 2216 1317 Corporie

273 1352 275 1357 ·
423 1320 621 1407 nursicus
721 1315 889 1414 §.cxiii
917 1317 1291 1418 Quinctilium.
1333 1314 1552 1483 pulcritudini
1577 1317 1679 1385 animi
1707 1310 1879 1409 qualitates
1904 1317 2125 1413 utplurimum
2159 1342 2214 1389 re·

422 1402 461 1468 θ’
477 1401 564 1498 '⁰⁶3¹'
623 1434 630 1441 ’
671 1437 710 1487 ca
727 1418 875 1512 sormunt
907 1415 955 1492 ὅ)
982 1423 1087 1492 robur
1124 1421 1292 1510 corporis:
1350 1416 1510 1510 pondcnt.
1560 1413 1737 1484 Platonicis
1760 1406 1864 1482 uisum
1878 1419 2134 1508 pulcritudinem
2154 1414 2214 1514 mse

425 1482 573 1556 “mm
670 1524 727 1592 An
747 1520 840 1593 etium
848 1521 985 1616 forneus
1000 1544 1038 1592 ec
1049 1519 1179 1591 roboris
1194 1539 1313 1612 quon·
1334 1511 1437 1605 iustor
1450 1515 1563 1586 circuli
1571 1513 1682 1610 ,cujus
1700 1523 1844 1585 centrum
1864 1516 2066 1604 bonitum&
2082 1526 2121 1586 ut
2145 1520 2213 1588 cir·

605 1692 608 1697 ,
670 1616 743 1687 dnn
758 1615 1291 1716 ratioinmugillcotucoujlituen-
1335 1617 1426 1684 culus
1437 1617 1550 1711 nequit
1570 1607 1628 1710 effe
1640 1612 1715 1712 stuc
1742 1623 1850 1682 centro
1865 1650 1878 1699 ‚·
1889 1613 1943 1713 stc
1954 1618 2213 1709 pulcritudinem

331 1764 333 1769 -
420 1714 519 1813 riofit
543 1711 720 1787 iubendo?
754 1717 822 1804 Qui
851 1715 1048 1805 adfirmant,
1074 1719 1145 1789 lraec
1177 1711 1293 1809 profe·
1335 1711 1578 1885 nonpoffeqplc
1592 1713 1664 1810 fine
1684 1715 1843 1782 bonitate.
1904 1716 1990 1784 lteru
2011 1715 2212 1809 pulcritudi-

1548 1817 1595 1884 ud
1619 1811 1828 1906 tropicarum,
1844 1815 1933 1907 quoti
1951 1812 2072 1884 nibisis
2096 1816 2210 1886 ortissu

414 1934 553 2008 regem,
585 1914 642 2008 qui
661 1909 759 1984 altior
771 1915 848 2012 suit
860 1914 1014 2034 uniuerso
1027 1915 1150 2031 populo
1168 1915 1209 1984 ab
1230 1912 1291 1984 ltu·
1330 1907 1466 2027 stertuit,
1488 1912 1890 2078 quondouoirtutebctiuino·
1903 1915 2092 2027 dominatur
2107 1923 2209 2034 cepte·

416 2007 737 2213 titillat
754 2010 1292 2208 niitiuiifiiituii
1331 2033 1395 2183 it
1403 2012 1833 2204 lifil‘iiii'ifiiifi
1853 2021 1968 2190 llis*
1986 2010 2210 2183 cittii

414 2210 645 2292 rubicundus,
665 2210 780 2304 pulser
804 2210 958 2307 otspeiiu
977 2207 1021 2299 ὅ
1042 2209 1285 2304 decorosoeir:
1331 2208 1550 2310 incompositio
1586 2207 1738 2304 eorporis
1780 2210 2045 2303 inaequalitatem
2082 2211 2209 2282 incticot

418 2331 450 2383 r.
465 2308 552 2378 Satn.
564 2308 651 2378 XVl.
675 2333 729 2381 rs.
783 2308 927 2381 Rabbini
942 2304 1286 2394 cornrnemorant,ad
1331 2311 1468 2399 mentis,
1499 2335 1538 2382 oc
1562 2310 1653 2404 cajus
1671 2306 1780 2403 socies
1807 2309 1997 2401 depremit,
2024 2310 2082 2380 uiss
2096 2308 2208 2405 potest

408 2398 605 2575 ¹spoedrium
624 2428 784 2502 magnum
798 2431 856 2479 eos
875 2409 1031 2480 duntaxat
1051 2401 1150 2480 iuiile
1167 2402 1288 2478 aduris·
1330 2407 1449 2480 taum
1466 2410 1565 2483 bonos
1586 2428 1699 2478 meres.
1722 2400 1846 2475 Rhalee
1866 2403 1975 2478 libii.
1994 2404 2037 2476 nd
2058 2403 2208 2484 crimuni

408 2507 1284 2698 uuititirus'ttuliututut
1329 2500 2119 2697 turttuiuiutultilui
2137 2503 2208 2678 sii

323 2674 334 2705 '
408 2625 565 2770 inurnub
596 2724 713 2796 regem
742 2696 802 2770 srbi
831 2702 984 2802 deligunt
1007 2628 1142 2801 indiguis
1160 2699 1282 2774 forme
1327 2708 1362 2777 ἃ
1388 2725 1425 2774 ea
1454 2690 1560 2777 fuerit
1596 2626 1731 2772 ditione
1753 2702 1787 2772 dr
1812 2647 1980 2772 deformia
1999 2624 2203 2791 :ITiii‘e'lrlliti

300 2833 305 2839 ·
407 2791 667 2894 dissimilemque
689 2800 813 2869 caeteris
835 2818 907 2875 tum
929 2800 1182 2899 magnitudine,
1207 2819 1281 2872 rum
1350 2825 1426 2874 uam
1449 2805 1591 2900 principi
1607 2797 1775 2882 srmilior,
1798 2802 1936 2893 ingenio
1953 2796 2019 2871 suis
2033 2798 2150 2873 lrebeti
2162 2825 2204 2874 ae

405 2899 545 2967 nitore:
572 2893 766 2967 Columella
781 2894 839 2971 lib.
856 2901 912 2974 lX.
927 2924 1066 2997 capro.
1123 2903 1279 2988 3.)Gcn·
1323 2825 1476 2974 ior-dido.
1502 2900 1650 2998 Philipp.
1677 2894 1736 2967 lib.
1763 2896 1803 2966 V.
1829 2898 1960 2992 cirron}
1974 2919 2008 2995 p.
2026 2910 2110 2985 614.
2150 2904 2204 2975 -ts

403 2997 490 3066 tibus
510 2993 764 3091 quamplurimis
780 2994 865 3067 illud
880 2996 1044 3071 uirtutum.
1095 2997 1149 3068 De
1164 3002 1279 3087 Indis,
1325 3024 1410 3099 ergo·
1421 3001 1465 3074 od
1491 3006 1663 3098 regendum
1684 2995 1909 3088 rempublicam
1926 3000 2132 3096 deligendus,
2149 3004 2203 3072 iu·

403 3096 460 3190 qui
483 3094 649 3164 Catheam
669 3090 842 3180 incolunt,
867 3095 902 3166 id
926 3093 1031 3167 refert
1052 3095 1170 3166 Strabo
1198 3096 1278 3171 libr.
1322 3104 1396 3197 quit
1414 3100 1545 3185 Pacatus
1558 3103 1593 3169 in
1606 3117 1767 3192 panegyr.
1786 3113 1870 3165 oret.
1888 3093 1929 3164 ad
1946 3086 2203 3188 Theodolium,

401 3191 493 3267 XVI.
510 3188 553 3262 de
571 3193 756 3266 Macrobiis
768 3193 801 3265 in
816 3192 1130 3268 MeroeAlexander
1143 3193 1183 3265 ab
1199 3195 1279 3268 Ale·
1321 3200 1374 3270 sui
1382 3199 1477 3295 felix
1491 3199 1630 3295 patrio,
1655 3200 1714 3265 sui.
1730 3197 1844 3264 domas
1865 3195 1977 3279 cioca,
2002 3196 2197 3291 cui'sormo

399 3288 517 3364 xantlr.
540 3287 597 3362 lib.
613 3290 671 3360 lV.
719 3287 817 3366 enial.
840 3291 926 3367 dier.
947 3317 1046 3373 nea.
1085 3294 1273 3389 Aethiopes,
1321 3301 1456 3387 diuino,
1482 3300 1534 3370 eui
1558 3295 1822 3388 uetusintegro,
1847 3293 2060 3389 euideniquc
2075 3299 2202 3371 reflua.

399 3411 502 3487 quem
527 3411 570 3458 ex
594 3313 810 3485 populdribuc
838 3388 1075 3463 validillrmum
1096 3388 1271 3487 judicant,
1318 3399 1405 3470 rium
1428 3418 1470 3470 uc
1489 3397 1633 3470 civilium
1663 3414 1772 3463 rerum
1800 3390 1876 3482 usus
1903 3395 2076 3491 contingit.
2127 3395 2198 3469 Sed

290 3570 298 3577 Ι,
396 3489 489 3560 irone
505 3510 624 3582 regem
647 3484 865 3581 deligendum
899 3485 1052 3575 censent,
1073 3490 1275 3565 Herodotus·
1318 3497 1390 3567 bae
1415 3514 1492 3567 tunc
1515 3493 1653 3567 demum
1680 3490 1797 3562 locum
1822 3487 1965 3579 habent,
1991 3497 2030 3578 o)
2055 3493 2195 3587 quando

394 3583 453 3657 lib.
465 3585 523 3658 lli.
539 3583 566 3657 f.
581 3605 637 3662 ar.
690 3588 906 3686 Plurimisque
925 3589 1075 3660 barbaris
1087 3590 1270 3672 luminibus
1316 3593 1454 3694 qrtallio
1474 3592 1519 3665 eii
1538 3593 1580 3665 de
1597 3592 1703 3665 libero
1721 3588 1880 3662 eieiiione.
1943 3591 1982 3661 ln
2004 3584 2192 3666 sueceliore

394 3687 430 3757 in
444 3708 627 3780 'corporum
652 3684 814 3784 majestate
836 3692 1006 3762 neumatio
1028 3687 1091 3778 est,
1118 3694 1176 3789 qui
1199 3716 1269 3765 mu·
1315 3697 1408 3764 enim
1436 3717 1507 3764 non
1524 3689 1702 3790 quaerenda
1719 3685 1765 3758 eil
1789 3690 1944 3780 corporii
1969 3684 2111 3775 forma,
2134 3685 2193 3763 sed

391 3806 534 3883 gnarum
550 3784 740 3879 fotinorurr
763 3809 830 3858 non
852 3788 935 3860 ulios
967 3810 1098 3882 cupoees
1118 3803 1266 3884 putant,
1314 3789 1553 3889 qualiscunque
1568 3813 1606 3860 ea
1620 3787 1677 3876 su,
1702 3782 1915 3880 acceptanda·
1979 3782 2111 3858 Prusiae
2135 3811 2192 3862 re·

298 3880 304 3889 ’
391 3908 490 3981 quom
507 3907 589 3978 quos
607 3894 727 3954 notura
745 3886 861 3959 eximio
875 3888 1150 3984 donauitspccic:
1175 3889 1266 3960 Cur·
1314 3914 1414 3988 gent,
1430 3913 1530 3986 quam
1544 3910 1686 3986 reguum
1703 3882 1805 3956 uculo
1821 3904 1963 3967 carere,
1990 3889 2025 3957 ἅ
2042 3908 2188 3982 regem,

389 3985 455 4052 tius
480 3979 536 4052 lib.
556 3982 612 4052 Vl.
634 3979 709 4053 hill.
734 3983 978 4057 Archidamum
994 4010 1110 4082 regem
1126 3992 1266 4083 pecunia
1314 4011 1414 4087 quam
1436 4012 1578 4084 regnum
1603 3984 1802 4057 claudicare.
1868 3975 1922 4077 a.)
1945 3980 2091 4082 Quando
2112 3986 2191 4081 pol.

389 4078 593 4152 multiabant
609 4081 877 4168 Lacedaemonii,
903 4084 999 4180 qnod·
1018 4081 1168 4180 pusulam
1183 4109 1266 4156 uro·
1314 4086 1472 4158 eritudiai
1487 4092 1520 4160 ᾱ
1534 4084 1651 4158 robori
1661 4086 1769 4156 uirtus
1784 4075 2076 4177 ell·conjuntla·‚ea
2092 4086 2189 4175 euim

312 4204 314 4211 ·
387 4202 462 4251 rem
487 4172 646 4260 duxiffct‚
672 4200 709 4247 ac
736 4183 881 4274 proinde
902 4207 970 4253 non
992 4178 1183 4272 βασιλὲας,
1206 4179 1264 4256 sed
1313 4189 1524 4282 primarioac
1540 4182 1767 4280 principaliter
1785 4174 1830 4249 eii
1853 4171 2091 4274 respicienda,
2110 4204 2188 4279 ques

386 4263 571 4367 βασιλίδα
590 4272 663 4370 ipsrs
680 4273 872 4376 relinquere
897 4276 1079 4378 cogiraffot.
1130 4281 1265 4380 Plutar·
1311 4283 1433 4356 liadfit
1449 4282 1577 4373 ,facilia
1603 4280 1723 4353 forma
1741 4277 1784 4347 eil
1804 4272 1941 4370 juiiura.
1967 4274 2050 4349 Nun
2065 4283 2115 4367 uti
2131 4284 2189 4353 iu·

386 4361 674 4473 chusmpinoal.
703 4371 820 4469 ta'posp.
886 4387 936 4468 4.)
962 4375 1141 4478 Augull‘am
1170 4388 1260 4482 regis
1310 4371 2041 4481 torpecudea,srcinterhomiuespoteilaa&
2068 4378 2183 4477 impe.

382 4470 562 4570 personam
583 4469 716 4569 augulia
741 4475 837 4545 decet
858 4471 976 4551 factes.
1000 4477 1076 4572 Jud.
1094 4479 1184 4554 Vlli'.
1205 4459 1259 4561 ic.
1308 4485 1396 4554 rium
1410 4480 1648 4552 valentioribus
1674 4475 2098 4564 debentur,virtutc·,.rron
2112 4502 2186 4550 sor·

383 4582 474 4649 Vnus
496 4597 535 4643 ex
550 4567 614 4643 titis
636 4570 726 4671 quofl
754 4570 853 4665 filius
871 4579 977 4678 regis,
1002 4575 1118 4667 idest,
1145 4577 1263 4653 forma·
1301 4584 1401 4674 poris
1416 4583 1546 4675 uiribus
1569 4579 1833 4651 commendantur
1851 4594 1963 4669 reges,
1994 4576 2039 4655 sit
2056 4572 2186 4650 Plinius

196 4680 204 4689 ‘
246 4694 248 4699 ·
379 4675 416 4742 ἀ
438 4668 524 4741 facie
551 4669 684 4767 augusta
712 4666 921 4766 conspicuus.
974 4680 1087 4748 Etiam
1111 4683 1257 4773 eorporis
1303 4685 1339 4751 iu
1358 4704 1476 4779 paneg.
1501 4678 1640 4772 Trajan.
1683 4680 1733 4764 3.)
1746 4665 1860 4754 uitiari
1875 4666 1920 4742 cd
1935 4666 2045 4742 πολι).
2065 4672 2186 4760 Quan-

376 4774 560 4863 proceritas
585 4768 632 4843 θ’
656 4773 724 4841 oris
751 4771 900 4867 dignitus
916 4779 1136 4848 cornmendunt
1156 4783 1256 4872 prin·
1302 4781 1414 4875 doque
1431 4782 1574 4852 enimin
1595 4776 1744 4849 eburneo
1765 4792 1910 4865 corpore
1937 4767 2123 4867 piurnbeut
2135 4772 2186 4851 eil

297 4916 299 4921 -
380 4870 500 4961 ciprm,
525 4872 634 4963 inquit
651 4868 773 4941 Plinius
793 4870 829 4940 in
855 4893 974 4973 paneg.
992 4874 1144 4962 Traiani.
1192 4889 1258 4951 Re·
1302 4884 1452 4966 animus,
1476 4901 1535 4948 nec
1558 4879 1703 4972 corporis
1725 4869 1935 4965 deformitate
1958 4872 2187 4971 c'rriuruesoe-

264 5052 266 5057 ¹
380 4971 553 5040 verentium
568 4971 649 5064 quit
663 4966 709 5043 Εἴ
722 4970 941 5049 admiratione
957 4974 1094 5071 dignum
1113 4981 1252 5054 contine·
1299 4983 1403 5052 datur
1416 5029 1428 5071 ‚
1440 4977 1500 5074 sed
1507 4971 1737 5074 pulcritudine
1757 4970 1858 5040 animi
1881 4991 2000 5064 corpus
2019 4985 2183 5056 arantur.

1890 5088 1896 5095 ·
2048 5068 2181 5150 Seneca
