4842 5859
325 344 329 355 ,
447 298 534 371 cns
671 263 1602 376 roousxuv.tuusncurvrnr.
1660 297 1955 380 sntcrrotr.

445 463 497 535 vel
512 464 617 561 ipsum
630 471 752 560 scion,
777 476 946 550 ueletiam
967 480 1085 575 populi
1101 473 1308 570 consensum,
1348 494 1458 549 rentes
1471 483 1506 549 in
1527 483 1633 552 serias
1656 484 1791 571 imperii
1814 502 1908 552 curer
1927 479 2073 557 dillrae'li
2089 486 2132 561 ad
2161 513 2211 565 re·

444 584 545 655 prout
566 571 655 665 leges
673 580 706 647 dt
732 598 845 666 mores
872 576 1030 676 cujusque
1053 577 1236 675 provincie
1257 597 1312 645 re·
1349 574 1438 647 iiam
1461 575 1646 650 liberorum
1668 578 1904 651 educationem
1927 575 1993 653 sese
2017 586 2213 660 conuertere

393 676 402 683 “
444 667 589 755 quirunt.
739 724 741 729 .
859 688 871 738 ·.
1156 697 1163 708 ·
1231 684 1235 689 ’
1352 694 1545 771 nequeunt,
1572 700 1612 746 err
1628 698 1698 773 quo
1717 675 1784 764 fit,
1809 695 1845 746 ut
1860 677 1957 750 liberi
1974 673 2090 778 sepius
2110 685 2214 782 negli.

425 862 427 866 ι
1105 828 1107 833 .
1218 812 1223 819 -
1354 792 1494 870 gantur,
1521 776 1611 848 &ad
1634 774 1876 868 rempublicam
1893 774 2125 872 capessendam
2153 786 2214 855 mi·

446 859 660 938 ninneton,
743 864 779 964 ᾗ,
804 869 878 942 XC.
905 871 1073 969 Qaeritur
1100 872 1165 962 ll.)
1181 881 1236 948 An
1252 867 1311 942 ele·
1355 870 1543 943 nnsidonel
1564 871 1654 946 finnt.
1705 875 1771 943 Pro
1794 869 1995 947 succeffioue
2023 879 2095 949 haec
2124 877 2215 953 ndse·

445 937 647 1083 insuffffz,²
700 962 775 1051 nn,
793 966 1313 1069 neferreffiosttprntsertndu?
1354 991 1456 1055 runt,
1491 971 1623 1070 quibus*
1643 975 1712 1063 ejus
1737 980 1992 1069 prerogativam
2028 974 2238 1063 ssnbilitrntr·

443 1020 593 1103 ’'afi'm
611 1044 642 1092 ⁰·
694 1061 760 1134 fro
786 1065 952 1139 clodione
986 1071 1057 1142 haec
1089 1073 1162 1142 fere
1186 1066 1311 1140 adferri
1357 1072 1408 1158 ι.)
1424 1072 1563 1143 Minore
1581 1072 1761 1162 discrimine
1773 1075 1927 1164 princeps
1935 1072 2103 1167 suitur,
2119 1101 2214 1172 quart

691 1153 1047 1262 solentargumente:
1085 1172 1130 1259 ι.)
1148 1168 1311 1267 Jusnatu·
1353 1173 1536 1261 quaeritur.
1606 1168 1744 1239 Tacitus
1768 1169 1828 1243 lib.
1855 1169 1900 1243 11.
1926 1171 2041 1248 hillor.
2069 1173 2214 1267 majores

447 1271 494 1317 rc
515 1256 679 1346 requirit,
706 1280 741 1329 ut
757 1262 895 1358 dignior
914 1290 952 1338 ac
971 1263 1177 1364 praestantior
1204 1271 1311 1360 impe·
1355 1270 1446 1361 enim
1467 1272 1502 1338 ln
1521 1265 1686 1338 eleriione
1706 1265 1833 1353 tutbae,
1857 1265 2122 1365 conspirationes
2145 1298 2235 1344 cre·-

445 1367 520 1431 tet,
534 1375 611 1420 eum
626 1375 713 1423 uero¹
724 1381 793 1428 non
804 1354 966 1436 successio
981 1415 992 1452 ,
1008 1363 1063 1436 sed
1076 1364 1198 1435 electio
1214 1387 1312 1434 mon·
1353 1362 1503 1451 briores,
1521 1378 1731 1437 cumnuiuru
1747 1369 1985 1466 morsella-fil
2006 1371 2213 1462 inperiinut’·
2235 1428 2240 1443 .

371 1530 375 1545 ¹
444 1444 535 1519 litat.
579 1452 678 1546 Nosti
703 1452 750 1528 s!
761 1465 955 1554 grurruriu
971 1467 1174 1560 principibus
1185 1462 1312 1557 fortui-
1354 1467 1420 1552 da,
1447 1463 1614 1534 Sallustius
1652 1469 1686 1535 in
1710 1466 1885 1560 jugurtha.
1938 1467 1993 1556 ι.)
2018 1466 2137 1540 Solent
2151 1473 2214 1540 ho·

427 1646 432 1651 ⁶
448 1549 713 1630 sumusnostra
734 1557 943 1646 aestintotur,
966 1566 1074 1656 inquit
1094 1565 1235 1633 Tacitus
1250 1559 1309 1634 lib.
1356 1565 1463 1635 mines
1483 1560 1637 1633 libentius
1648 1566 1720 1660 regi
1743 1581 1841 1648 nato,
1855 1587 1954 1659 quam
1969 1560 2061 1635 fado
2074 1590 2211 1660 parere;

447 1643 478 1721 i.
498 1642 616 1719 bilior.
639 1653 674 1719 in
696 1647 896 1736 successione
921 1679 1038 1732 contra
1058 1684 1312 1757 quemcunque,
1357 1665 1426 1752 ejtu
1441 1664 1532 1732 euim
1549 1661 1655 1733 virilis
1672 1680 1746 1730 netas
1773 1664 1830 1730 vix
1855 1659 1899 1730 eil
1919 1662 2213 1750 inadmiratione,

448 1745 484 1818 ἅ
509 1748 732 1848 cujuscunque
760 1760 887 1854 ingenii
912 1764 1111 1856 configerit,
1137 1759 1313 1833 admittere
1355 1759 1447 1854 eujus
1467 1762 1607 1856 pueritie
1626 1763 1660 1830 dt
1683 1755 2214 1860 juveutuufuitsatuiliariterple·

177 1923 181 1930 Ι
291 1909 295 1915 ,
335 1898 365 1955 f
425 1849 616 1957 cogimur.
665 1855 757 1935 Quid
772 1853 963 1952 Cansbysen
988 1859 1070 1931 boni
1093 1862 1193 1955 putria
1214 1854 1313 1948 dege·
1359 1857 1443 1928 beils
1461 1876 1564 1945 nota,
1588 1875 1705 1927 contra
1736 1851 2008 1943 succedentium,
2029 1877 2149 1954 utpote
2175 1861 2216 1933 ad

445 1966 570 2043 nerem
600 1945 708 2021 filium
738 1959 884 2053 imperio
922 1955 1073 2056 prefecit
1091 1957 1111 2033 ‘d
1144 1952 1312 2029 successio·
1359 1959 1539 2054 imperium
1556 1975 1712 2027 notorum
1736 1957 1844 2045 rnajor
1863 1951 1909 2024 eil
1926 1954 2125 2047 ondoniton,
2152 1963 2216 2050 jam
2249 1942 2255 2055 l

444 2041 540 2140 Quid
558 2044 773 2139 Commodo,
795 2059 990 2152 imperatori
1007 2062 1147 2129 minime
1161 2058 1315 2127 omnium
1356 2078 1441 2127 uero
1463 2059 1498 2125 in
1511 2055 1701 2125 obedientia
1716 2073 1824 2123 totum
1838 2050 2078 2127 dominationis
2091 2057 2218 2131 bonum
2250 2058 2255 2181 J

447 2143 659 2232 commodo,
684 2157 804 2246 oprimi
819 2152 908 2242 illins
927 2156 1037 2227 Marci
1055 2158 1216 2226 Antonini
1237 2155 1315 2250 phi·
1356 2151 1512 2229 consistit.
1542 2156 1590 2242 3.)
1608 2153 1659 2221 Ex
1673 2155 1871 2248 interregnis
1887 2154 1998 2248 magni
2011 2151 2119 2225 solent
2136 2156 2219 2227 obo·
2252 2184 2255 2251 ι

452 2234 586 2337 losophi
604 2240 677 2314 filio
691 2245 792 2321 fasces
808 2249 951 2331 detulit?
973 2250 1142 2329 successto.
1169 2260 1218 2343 a.)
1239 2256 1315 2324 Vir·
1358 2257 1417 2335 riri
1441 2270 1567 2337 metus,
1581 2249 1639 2321 vel
1655 2269 1745 2320 certe
1763 2246 1937 2344 pericula,
1959 2273 2031 2345 quae
2054 2247 2218 2327 successor
2253 2310 2255 2317 .

454 2352 508 2412 ius
516 2341 650 2435 semper
671 2351 790 2420 certior
813 2349 945 2423 duslrix
963 2353 1026 2444 est,
1051 2377 1148 2449 quun
1170 2362 1314 2440 natura,
1357 2371 1465 2421 certus
1481 2346 1579 2420 facile
1595 2343 1756 2421 discutiet.
1792 2348 1899 2419 trave
1912 2346 2056 2420 aliorum
2076 2343 2149 2447 spes
2161 2375 2218 2424 co·
2253 2351 2255 2383 ²

446 2464 525 2542 quac
545 2440 635 2508 nulla
651 2439 755 2534 llirpis
772 2448 822 2517 vel
833 2455 965 2547 generis
984 2452 1092 2522 habita
1109 2455 1238 2521 ratione
1250 2449 1314 2520 do·
1357 2449 1533 2534 hibentur,
1559 2441 1754 2519 fisuccessor
1771 2469 1843 2517 non
1857 2447 1891 2514 in
1910 2449 2050 2520 incerto.
2094 2450 2152 2543 4.)
2167 2450 2219 2522 Ex

300 2557 303 2571 '
445 2567 492 2613 na
514 2535 553 2607 ad
574 2540 751 2632 imperium
766 2547 917 2642 requisita
937 2545 1242 2635 dislribnit,rlrslin
1258 2570 1316 2620 utr-
1359 2547 1481 2618 humili
1497 2553 1529 2619 &
1545 2539 1783 2616 obscuroloco
1804 2543 1843 2614 ad
1868 2548 2048 2640 imperium
2071 2570 2134 2642 pet·
2155 2546 2220 2619 ele'·

444 2654 511 2712 um
521 2635 570 2728 fit
571 2636 750 2730 secuudum
765 2648 921 2720 virtutem.
937 2643 1037 2720 Casus
1047 2647 1119 2719 libr.
1131 2648 1188 2720 ΠΙ.
1199 2642 1316 2738 sphaer.
1357 2645 1664 2741 dionemproreili
1682 2641 1803 2736 adepto
1824 2645 2007 2738 principatu
2021 2649 2155 2718 animos
2165 2643 2220 2716 ad·

442 2744 514 2812 clv·
533 2763 561 2809 c·
579 2762 589 2802 ¹
604 2763 631 2813 ¹·
650 2762 681 2834 q·
701 2766 731 2811 2·
772 2749 817 2831 3.)
841 2745 971 2816 [lectio
987 2772 1027 2817 ex
1043 2744 1317 2842 prarslantiffitno-
1358 2732 1501 2829 tollunt,
1525 2767 1563 2812 ac
1583 2736 1812 2837 insolentiores
1829 2739 2147 2836 reddunturpunde
2165 2767 2222 2816 ne·

445 2861 526 2910 rum
541 2837 606 2908 live
624 2840 821 2930 optimatum
836 2868 979 2914 nurnero
1003 2844 1126 2915 multos
1152 2843 1193 2913 ad
1211 2848 1315 2913 uirtu-
1357 2845 1537 2939 gligentius
1561 2843 1740 2936 imperium
1767 2837 2004 2909 administrant.
2066 2841 2221 2913 Midden·

446 2941 494 3006 *tis
515 2934 654 3006 slndiutu
671 2941 821 3011 accendit
839 2947 872 3012 dr
886 2941 1048 3038 impellit,
1072 2964 1106 3012 ut
1120 2947 1215 3011 tacita
1235 2965 1316 3037 qua·
1359 2942 1457 3034 dorp.
1473 2942 1507 3007 iu
1527 2963 1654 3012 cotum.
1678 2935 1717 3007 nd
1742 2960 1775 3032 q.
1802 2961 1857 3023 7¹·
1883 2934 2025 3010 Ptolem.
2041 2938 2171 3037 Philan,
2192 2933 2219 3011 f.

403 3050 405 3055 ’
452 3033 531 3105 dnm
550 3032 602 3126 spe
617 3041 766 3104 certatim
783 3040 975 3135 peragendo
991 3039 1072 3124 illa,
1099 3064 1171 3131 quae
1197 3040 1315 3110 futuro
1365 3058 1441 3115 128.
1460 3035 1513 3108 uel
1536 3039 1632 3108 ‘ctiam
1654 3060 1790 3107 omnem
1807 3058 1944 3130 operam
1958 3055 2096 3124 novant,
2122 3055 2160 3108 ut
2180 3034 2220 3107 li·

446 3137 605 3228 principe
622 3130 722 3224 digua
743 3129 839 3212 snut,
869 3138 909 3207 ad
932 3142 1152 3233 principatum
1175 3156 1316 3208 conten.
1360 3137 1448 3207 beris
1477 3139 1696 3230 principatum
1724 3134 1940 3228 relinquunt,
1968 3139 2003 3206 dt
2031 3139 2159 3207 civium
2180 3131 2220 3204 li·

448 3230 546 3302 dant.
565 3224 743 3299 Melander
759 3236 792 3301 iu
810 3231 883 3305 idea
900 3235 995 3328 polit.
1010 3260 1041 3330 p.
1060 3251 1118 3319 69.
1155 3237 1318 3324 4.)rlnti.
1361 3235 1735 3327 bertatemopprimaut.
1791 3235 1841 3319 5.)
1861 3233 1896 3299 Si
1914 3255 1971 3301 rex
1993 3254 2048 3302 aut
2064 3237 2218 3327 princeps

321 3358 323 3362 ·
456 3334 557 3424 quior
582 3324 779 3418 adquirendi
806 3336 939 3430 imperii
958 3332 1079 3406 modus
1110 3333 1155 3404 esl
1178 3332 1302 3404 elediio
1359 3339 1492 3403 noverit
1507 3326 1614 3401 filium
1631 3328 1689 3401 fibi
1712 3336 1747 3402 iu
1771 3334 1916 3421 irnperio
1938 3328 2106 3401 haeredetn
2132 3326 2220 3400 sutu-

454 3451 556 3518 qunrn
571 3416 750 3514 successio,
765 3438 976 3530 nequeenim
996 3427 1181 3530 potuiteslc
1193 3390 1319 3503 lucces-
1358 3454 1455 3514 ιιιιιι,
1477 3446 1555 3499 tunc
1575 3424 1640 3524 ipsa
1655 3449 1770 3507 natura¹
1783 3425 1974 3520 impellente
1990 3430 2131 3500 omn'em
2146 3449 2222 3499 nto·

449 3523 527 3609 sio,
553 3518 613 3593 nili
624 3525 664 3592 in
683 3521 796 3599 locutu
815 3537 902 3622 ejus,
915 3535 972 3629 qui
987 3531 1123 3604 elesius.
1149 3532 1318 3614 jamvero
1360 3548 1414 3599 uer
1432 3523 1599 3621 lapidem,
1626 3545 1661 3597 ut
1693 3526 1800 3597 filium
1820 3548 1837 3592 a
1867 3528 1983 3620 primis
2013 3524 2222 3598 incunabulis

451 3624 642 3719 antiquiora
657 3631 763 3721 magis
786 3628 826 3699 od
843 3633 959 3727 primae
987 3631 1126 3726 originis
1150 3627 1318 3700 sincerita·
1359 3629 1453 3698 omni
1469 3647 1546 3695 cura
1565 3648 1603 3696 ac
1628 3624 1799 3719 diligentis
1819 3619 1859 3690 ad
1872 3627 2052 3714 imperium
2067 3624 2221 3713 formet.

448 3741 526 3795 tem
544 3717 724 3800 accedunt,
758 3724 975 3818 τιμιώτατοι
996 3726 1039 3800 nd
1053 3724 1318 3826 πρισζύτιιτον,
1358 3729 1392 3798 dr
1411 3725 1522 3794 omnia
1544 3725 1577 3793 in
1596 3747 1703 3818 reguo
1719 3742 1875 3817 tanquam
1896 3725 2032 3817 propria
2044 3741 2151 3795 curet.
2178 3723 2224 3811 6.)

453 3824 567 3907 inquit
585 3813 805 3914 philosophus
821 3827 847 3900 1.
873 3829 1021 3923 metaph.
1051 3853 1082 3905 3.
1126 3834 1174 3911 ς.)
1194 3826 1233 3895 in
1250 3824 1320 3896 ele.
1357 3817 1573 3899 successionis
1587 3814 1659 3891 usus
1672 3820 1757 3916 apud
1776 3819 1901 3891 multos
1921 3818 2064 3914 populos
2075 3821 2222 3904 obtinet,

455 3918 573 3988 eiione
591 3920 700 3985 minus
721 3923 926 4014 periclitatur
953 3925 1143 4022 reipublice
1162 3921 1319 4013 libertas,
1362 3938 1521 3992 utnntuta
1546 3915 1613 4016 ipso
1630 3923 1731 3988 tacito
1756 3919 1904 4010 quodam
1926 3915 2135 3989 insstuouad
2154 3914 2223 3987 suo-

440 4014 533 4112 ·plns
551 4013 1002 4093 benevolentiaeinsubditos
1024 4022 1147 4092 elesius
1173 4020 1321 4110 obtinet,
1358 4013 1540 4090 ceffionem
1596 4013 1837 4113 praeferendam
1882 4018 2023 4097 innitare
2056 4014 2221 4091 videatur.

460 4108 592 4184 facilius
618 4119 750 4186 moneri
772 4144 810 4191 ac
833 4126 964 4191 moveri
993 4118 1119 4216 potesl3
1146 4121 1321 4212 imperatu·
1360 4117 1457 4187 Plura
1473 4117 1626 4212 utrinque
1655 4133 1849 4211 argumenta
1874 4109 2052 4208 proferunt
2078 4111 2222 4184 bodinus

456 4237 521 4284 ,rus
536 4235 613 4308 ergo
624 4216 771 4287 omnibus
780 4223 856 4316 eligi
868 4223 957 4290 debet
971 4244 1012 4289 ex
1024 4220 1182 4294 omnibus.
1197 4217 1322 4290 Plinius
1362 4214 1419 4286 lib.
1437 4214 1494 4280 Vl.
1519 4211 1560 4282 de
1582 4213 1801 4306 republ-cap.
1822 4236 1852 4294 5.
1870 4213 1973 4378 Grep.
1998 4209 2224 4283 Tholozanue

464 4318 499 4383 in
517 4333 674 4406 panegyr.
695 4311 735 4381 od
757 4318 896 4406 Trajan.
959 4318 1011 4407 6.)
1037 4319 1107 4412 Qui
1128 4320 1207 4388 bane
1225 4319 1322 4413 impe·
1363 4311 1438 4383 libr.
1455 4310 1529 4380 Vll.
1545 4310 1585 4380 de
1601 4312 1715 4405 repub.
1736 4334 1806 4403 cap.
1823 4339 1857 4392 4.
1875 4312 1960 4404 bip.
1985 4308 2045 4382 lib.
2065 4310 2107 4381 ll.
2126 4307 2221 4402 polit.

323 4415 326 4421 '
460 4433 542 4483 rare
562 4410 670 4504 rupit,
692 4419 840 4502 portauit
856 4419 1037 4512 aliquando
1053 4412 1171 4512 neceffe
1184 4415 1229 4501 eli
1243 4439 1252 4487 :
1267 4418 1323 4486 Oi·
1361 4434 1431 4505 cap.
1444 4438 1477 4492 4.
1493 4406 1644 4481 Worem.
1664 4409 1703 4479 ab
1722 4406 1919 4500 Eltreuberg
1936 4412 1969 4476 in
1992 4427 2079 4479 orat.
2100 4405 2222 4503 ΜΝ

464 4531 546 4583 cero
564 4504 621 4577 lib.
639 4504 695 4581 ill.
714 4509 755 4579 de
769 4513 919 4608 legibus3
934 4534 964 4583 at
980 4519 1036 4606 qui
1056 4519 1090 4585 in
1107 4538 1252 4610 purpura
1269 4539 1326 4584 na.
1360 4505 1537 4608 quaellione
1550 4507 1669 4583 habite.
1720 4509 1784 4576 Pro
1802 4504 2036 4577 conciliatione
2050 4498 2224 4603 seutentia-

463 4625 535 4691 tus,
559 4601 724 4677 indelitiis
745 4611 899 4682 educatus
915 4631 1042 4682 aetatem
1060 4611 1143 4696 suit,
1168 4635 1230 4681 nee
1244 4611 1325 4683 alte·
1360 4633 1437 4680 rutn
1470 4603 1605 4701 quidam
1628 4605 1832 4699 distinguunt
1860 4606 1927 4675 hoc
1958 4603 2098 4691 modo,
2133 4597 2223 4699 quod

460 4696 722 4794 -riusimperiuu'
730 4731 894 4804 expertus,
904 4709 997 4779 unde
1012 4714 1037 4778 is
1051 4704 1141 4797 sciet,
1151 4709 1328 4802 quomodo
1361 4704 1471 4780 elenu
1490 4703 1535 4804 fil
1555 4708 1682 4791 tutior,
1705 4699 1847 4799 surceffn
1873 4721 2011 4799 propter
2037 4705 2225 4796 ingenitum

460 4816 546 4899 erga
560 4803 722 4900 principes
739 4805 863 4877 adfetii
888 4805 948 4877 sunt
963 4803 1103 4892 subdiri,
1125 4813 1159 4879 tir
1175 4805 1255 4901 quid
1270 4806 1329 4880 fibi
1362 4802 1571 4877 subditorum
1588 4825 1665 4896 ergo
1683 4807 1807 4900 regiam
1834 4799 1965 4895 prolem
1988 4822 2154 4883 amorem,
2169 4796 2227 4869 lia·

466 4902 506 4972 ab
523 4908 560 4974 iis
579 4900 651 4973 fieri
671 4901 800 4978 velint?
824 4907 879 4997 γ.)
894 4907 931 4976 ln
954 4903 1036 4978 aulis
1056 4909 1247 5003 principum
1270 4931 1330 5006 pa.
1361 4902 1473 4977 bilior,
1525 4898 1592 4973 tilii
1608 4900 1810 4999 distinguunt
1824 4905 1911 4972 iuter
1925 4901 2099 4995 inperium.
2112 4893 2229 5071 oppii·

534 4996 543 5019 ‘
2068 5009 2125 5074 lor
2172 5017 2225 5069 aet
