4842 5859
412 354 494 451 ,0⁶
562 428 571 439 ,
738 354 772 377 ·
853 341 870 455 j
910 312 1759 427 avrrtnurnrvm''noirorrs'“⁴
1941 408 1974 423 „
2037 338 2040 343 ·

468 517 502 612 5·
527 517 625 596 XV.
673 512 832 616 Expende
855 515 1012 591 hadlenua
1034 518 1134 588 vartia
1158 510 1286 588 senten·
1331 519 1425 588 muni
1447 488 1593 592 coetuum
1608 508 2035 616 protestanrlaffieonlensa
2050 502 2195 619 ‚vesper

419 615 473 685 riis
489 613 531 685 de
548 614 661 706 fonte,
687 642 728 688 ex
749 640 819 716 qno
836 613 975 713 patellae
995 620 1233 714 imperantium
1253 619 1288 686 iu
1319 608 1478 712 fingdlor
1495 617 1652 691 doflorea
1666 618 1805 711 ilaturve
1823 619 2049 715 provinciales
2066 613 2196 695 subinde

419 712 594 809 ecclesiam
613 718 791 789 derivanda
821 713 881 805 fit,
912 716 1034 789 ultimo
1066 714 1147 788 loco
1176 710 1288 786 succe·
1333 712 1516 794 declarato,
1544 717 1837 802 veletiamtaeito,
1857 718 2078 816 principibua,
2094 714 2196 793 sacro·

292 885 294 889 .
424 809 474 883 dit
491 814 650 914 systema,
688 835 724 887 ut
743 813 910 911 adpellare
934 832 1068 892 amant,
1100 809 1289 913 collegiati,
1337 837 1413 887 rum
1442 816 1702 892 emendatorum
1735 811 1834 888 sociir
1872 821 2064 895 exercenda
2099 816 2197 892 relin-

422 917 538 1007 quod,
562 916 588 989 fi
613 915 752 1013 quidem
777 914 869 987 redle
887 914 1087 1006 judicamur,
1111 911 1289 1000 facilitate,
1334 931 1530 1010 querentur,

418 1008 989 1180 perspicuitate,convenientiasua
1007 1012 1227 1111 prareliquie
1243 1006 1293 1083 se-
1522 1098 1531 1105 ·
1928 1103 1931 1107 ι

438 1133 456 1182 e
473 1114 697 1189 commendat.
722 1117 804 1207 (ιο)
824 1160 826 1165 -
851 1118 959 1209 Atque
978 1114 1074 1204 hujua
1089 1106 1237 1195 summa,
1256 1124 1293 1182 ut
1387 1112 1420 1203 f.
1445 1110 1562 1187 XVI.
1577 1108 1681 1205 ,Huic
1697 1131 1808 1189 autent
1825 1112 1951 1211 furlum
1971 1108 2201 1213 collegiallum

423 1206 570 1287 breviter
597 1239 671 1286 eam
696 1226 922 1309 exponamur,
949 1235 991 1283 eo
1020 1215 1165 1283 maxime
1181 1209 1291 1295 redit,
1337 1212 1373 1282 in
1390 1213 1555 1309 principes
1568 1208 1774 1288 translationi
1791 1210 1974 1307 jutitffimaa
1988 1204 2202 1291 subessecau·

427 1309 488 1383 alia
505 1308 670 1410 effe'jura
695 1314 910 1408 imperantis,
935 1312 1132 1410 najestatim
1162 1305 1292 1383 relab·
1335 1305 1385 1382 sar
1400 1310 1534 1384 docent.
1581 1310 1738 1389 Ecclessar
1756 1318 1848 1387 enim
1869 1313 2070 1405 hodiernae,
2096 1308 2203 1387 latissi-
2249 1380 2251 1393 ,

419 1413 554 1510 solata,
585 1438 626 1486 ex
640 1415 877 1508 superioritate
903 1413 1099 1483 terruerim·
1135 1405 1292 1495 fluentia,
1337 1407 1479 1506 mejam
1497 1410 1636 1508 patentia
1654 1410 1890 1510 acpertotam
1914 1416 2085 1486 civitatem
2104 1410 2203 1505 dilsng
2249 1400 2251 1417 ¹

425 1511 490 1582 alia
514 1537 598 1584 vero
617 1510 692 1587 colle
717 1516 813 1596 ialin,
838 1514 901 1581 toti
932 1508 1102 1599 ecclelia,
1134 1527 1293 1604 tanquam
1326 1503 1377 1581 'sa
1394 1513 1575 1605 integram‘
1591 1509 1913 1593 administrationem
1935 1512 2204 1606 nemini-melini
2247 1580 2251 1587 .

428 1574 599 1711 collbgiu,
624 1537 761 1684 cuisuir
778 1613 825 1680 uti
846 1608 998 1683 inllitutla
1015 1609 1131 1697 liceat,
1158 1630 1201 1679 ex
1220 1632 1293 1680 mu·
1339 1613 1507 1683 committi
1520 1605 1686 1706 potuisse,
1709 1634 1810 1712 quam
1826 1611 2080 1713 imperantibus,
2093 1608 2128 1719 fi·
2156 1616 2205 1721 uia
2242 1630 2251 1655 ¹·

425 1727 487 1783 tuo
507 1711 740 1783 membrorum
762 1706 861 1809 pado
891 1711 1046 1781 radicitus
1077 1705 1181 1783 infin.
1232 1702 1316 1803 lslu¹
1341 1708 1432 1783 dem.
1453 1706 1505 1780 illi
1529 1705 1676 1803 iltdem,
1702 1711 1822 1808 quibua
1851 1708 1990 1797 subditi,
2023 1706 2125 1799 sacris
2192 1728 2206 1785 t

433 1809 475 1882 ad
518 1816 700 1909 imperium
737 1811 879 1881 civitatis
909 1813 1053 1881 omnino
1091 1812 1292 1906 pertinere,
1341 1806 1479 1883 addidi.
1530 1806 1606 1881 Hor
1631 1809 1768 1908 oplbua,
1803 1809 2031 1907 au'dloritate‚
2056 1814 2206 1911 pore'mia

424 1904 631 2007 ¹absoluique·
656 1906 808 2007 suprema
854 1912 891 1977 ln
935 1926 1063 1981 ectum
1096 1901 1293 2009 religiosum
1340 1908 1382 1982 ad
1397 1904 1691 2007 promovendam,
1715 1907 1859 1983 ecclelia
1879 1902 2046 1999 salutem,
2071 1909 2116 1982 ad
2143 1898 2208 1985 se‘r'·

393 2058 396 2063 <
431 2005 655 2107 iufpcdlione,
681 2016 716 2082 dt
751 2003 1032 2104 poteslate'etiam
1063 2003 1154 2106 leger
1180 2002 1292 2080 fereu-
1339 2007 1487 2080 vandum
1505 2004 1683 2094 ordinem,
1710 2005 1991 2108 ad'dlrigeodaur
2012 2000 2207 2087 societatem

432 2105 489 2196 di,
521 2134 559 2181 ac
581 2114 613 2180 ai
637 2107 790 2201 adbibita
834 2102 1056 2207 exsequendi,
1096 2131 1161 2205 qua
1187 2124 1296 2179 exter·
1340 2132 1442 2208 qnam
1468 2104 1655 2205 plurimum
1676 2106 1798 2181 valere.
1861 2108 1937 2180 Hos
1956 2106 2211 2207 munificentia,

328 2207 348 2253 s
431 2232 492 2282 uus
507 2206 650 2280 ecclesiae
666 2207 773 2293 ordo,
824 2204 1126 2305 nantnm'quidem
1159 2203 1298 2278 civilem
1339 2205 1462 2297 tutela,
1487 2207 1615 2279 meriria
1630 2202 1665 2279 ln
1677 2198 1850 2280 ecclesium
1874 2204 2145 2299 illustribuaffld
2159 2206 2211 2284 re'·

307 2356 309 2361 -
434 2306 548 2380 adficit
563 2332 711 2391 nexum,
738 2230 976 2391 conservetur,
1002 2330 1041 2377 ac
1060 2304 1298 2401 provideatur,
1365 2311 1457 2380 imeo
1477 2308 1546 2392 eiua
1575 2304 1829 2392 capessendum,
1850 2304 1993 2406 gradmn
2012 2310 2212 2406 proximum

431 2431 475 2479 ne
500 2402 737 2478 subcalumnia
761 2403 936 2505 religionir
961 2428 1014 2477 rea
1033 2403 1166 2503 publica
1195 2403 1299 2478 detri-
1340 2331 1403 2479 lbi
1420 2398 1553 2503 parasse.
1602 2404 1789 2499 Hoa,cum
1801 2405 1957 2478 membra
1973 2403 2207 2493 finteccleliz,

432 2511 539 2579 manti
561 2508 641 2602 qnid
666 2508 784 2602 capiat.
844 2502 939 2583 Alina
966 2523 1078 2578 antem
1096 2500 1221 2576 indolis
1235 2494 1300 2575 effe
1342 2504 1461 2608 quibua
1477 2526 1546 2602 prar
1561 2502 1700 2605 reliquie
1715 2503 1881 2602 obligatio
1893 2503 2069 2603 impolita,
2081 2500 2211 2580 causam

429 2609 505 2699 jura
518 2606 675 2703 collegii.
728 2606 809 2678 Her
823 2604 864 2674 ad
880 2601 1044 2692 ecclefia,
1068 2628 1138 2677 nnn
1158 2604 1300 2689 civitati·
1343 2610 1411 2700 eiua
1426 2600 1561 2691 tuendi,
1583 2628 1662 2678 cum
1680 2599 1885 2702 inspedlIone
1899 2608 1935 2677 in
1956 2620 2083 2679 coetum
2102 2601 2213 2705 supter

432 2706 538 2783 finem
555 2705 709 2790 diredia,
735 2698 858 2777 uersari
877 2708 1122 2802 circaea,quae
1136 2726 1214 2776 cum
1231 2696 1299 2802 ipsa
1340 2728 1397 2779 ma
1420 2725 1536 2777 curam
1558 2706 1627 2796 eiua
1649 2701 1814 2804 reliquam
1837 2708 1968 2802 optime
1990 2710 2120 2800 conjun
2146 2729 2213 2785 ere.

429 2803 625 2902 religione,
649 2799 888 2901 disciplinaque
901 2798 1058 2876 fandiori
1066 2801 1184 2895 ,eujua
1201 2825 1301 2874 exer·
1341 2805 1418 2901 Hor
1440 2802 1585 2902 denique
1607 2798 1728 2893 faula,
1752 2802 1795 2876 ad
1820 2802 2038 2900 praestandam
2066 2730 2214 2879 ecelefia

430 2904 544 2975 cendae
560 2898 653 2976 causa
675 2923 777 2975 coetua
799 2902 949 2990 coaluit,
971 2902 1091 2975 arilina
1114 2905 1298 2979 cohaerent.
1339 2901 1607 2977 incolumitatem
1620 2896 1791 3001 susceptis,
1807 2904 1842 2975 in
1854 2898 1925 3002 ipsa
1941 2909 2098 2996 maxime
2106 2898 2215 2978 sacro·

428 2994 1299 3102 Juriumveroillorumadrninilirationen'r,abomni
1340 3028 1419 3078 rum·
1434 2999 1670 3075 emendatione
1682 2997 1939 3101 aomprnbass'e,
1966 3027 2069 3103 quam
2085 2993 2214 3077 ‘exmia

429 3105 463 3172 vi
478 3122 532 3173 aut
551 3100 726 3196 majellatir
749 3096 806 3172 usu
823 3100 987 3190 alienam,
1008 3097 1132 3177 fubelse
1157 3099 1297 3200 quidem
1342 3106 1380 3177 in
1395 3106 1435 3175 iia
1458 3097 1597 3173 facultas
1623 3099 1687 3192 fit,
1732 3100 1877 3183 ecclelia
1906 3112 2014 3201 porro
2041 3098 2214 3201 riganda.

276 3261 278 3264 .
375 3283 384 3291 ,
428 3202 617 3291 audioritati
632 3199 860 3297 magillratua,
885 3197 941 3272 sed
965 3198 1007 3271 ad
1029 3206 1199 3300 integrum
1223 3196 1293 3271 col·
1344 3203 1505 3275 Exerceri
1534 3202 1682 3298 itaquaa
1711 3200 1916 3301 principibus
1958 3202 2214 3299 protestantibus

386 3288 556 3419 ,pagium
570 3323 660 3395 aqua
674 3298 870 3416 conditione
883 3296 1097 3409 referendam
1121 3294 1208 3390 essb3
1232 3319 1296 3370 nec
1343 3299 1482 3423 collegii
1493 3302 1590 3420 iura,
1603 3323 1672 3418 non
1692 3304 1726 3372 vl
1743 3300 1882 3419 guidem
1896 3299 2072 3393 tnajellatia
2087 3297 2214 3471 ,glalaa

427 3419 570 3571 iiii?
583 3392 1080 3598 iiiiiiii‘i‘illil
1100 3390 1298 3597 iiiiii
1344 3419 2214 3592 {iiiiii{Silliiii‘tiitilbilli

431 3621 531 3696 quam
565 3622 638 3695 pars
676 3601 826 3670 maxima
859 3621 946 3669 curae
977 3603 1064 3672 circa
1099 3592 1186 3671 sacra
1210 3598 1297 3683 ,ori·
1344 3597 1604 3700 adprobatione,
1626 3612 1629 3617 '
1654 3601 1754 3696 uippe
1779 3602 1998 3694 quaeoptime
2014 3596 2075 3670 fibi
2090 3592 2215 3671 consuli

432 3701 565 3794 pinario
582 3703 653 3788 jure
672 3689 733 3792 ipfi
749 3694 893 3769 ecclesiae
904 3716 1094 3795 competat,
1116 3715 1228 3769 tamen
1245 3697 1297 3765 in·
1347 3697 1606 3785 existimaverit,
1630 3621 1656 3771 st
1685 3692 1850 3794 poteslas,
1876 3695 1921 3766 ob
1945 3699 2075 3771 civium
2103 3694 2214 3787 multi·

430 3815 564 3893 regrum
581 3801 612 3867 ei
629 3790 711 3880 else,
737 3801 817 3893 quin
834 3815 927 3867 certo
943 3815 1097 3895 ternpore
1114 3794 1227 3867 ordini
1249 3787 1299 3864 sa·
1345 3798 1498 3871 tudinem
1509 3795 1551 3868 ab
1564 3798 1698 3897 integro
1712 3814 1800 3867 coetu
1819 3818 1890 3867 non
1906 3795 2049 3893 anrpliua
2074 3793 2216 3875 admini-

430 3893 558 3993 lutique
573 3891 809 3995 piafocieraria
834 3900 939 3993 magia
962 3899 1167 3982 convenire„
1191 3913 1228 3964 ut
1250 3896 1300 3987 jn·
1345 3895 1495 3981 litanda,
1526 3890 1604 3967 alsat
1629 3919 1738 3994 panea
1761 3896 2010 3990 imperantem,
2041 3892 2215 3991 religioni·

330 4067 333 4073 .
430 4000 521 4069 rium
537 3994 767 4091 collegialium
778 4000 972 4068 exercitium
989 3992 1194 4093 principibus
1204 4015 1301 4064 com·
1347 3992 1553 4071 suasorium
1576 3994 1675 4092 atque
1696 3990 1898 4089 adjutorem.
1962 3993 2056 4065 Hae·
2074 3992 2215 4090 deniqup

186 4165 189 4172 ,
430 4101 592 4169 mittatur.
642 4102 752 4192 litque
770 4086 815 4167 er'
829 4095 891 4169 hac
913 4096 1067 4182 ratione,
1090 4087 1301 4166 consentim-
1346 4100 1536 4196 principum
1556 4086 1991 4188 jura'nlmnumaeaepitie
2014 4086 2216 4191 figillumir

258 4200 269 4220 ,
428 4213 463 4265 re
476 4196 613 4292 quidem
623 4197 723 4280 coetu,
735 4191 928 4286 potestatem
938 4197 972 4264 iu
982 4188 1119 4265 farra'ad
1135 4194 1301 4291 principer
1345 4220 1425 4294 pata
1445 4192 1736 4292 religinsn,'·cuiua
1756 4204 1794 4264 'ea
1814 4189 1852 4265 fit
1875 4195 2003 4293 via,gut
2023 4184 2215 4299 procurath

433 4297 614 4370 Germania
632 4287 1054 4389 protqiantesperaenilse.
1102 4290 1298 4379 Nimirum,
1347 4293 1544 4378 sacrorum,
1577 4290 1818 4391 imperantibus
1841 4287 1914 4383 iana,
1936 4286 2079 4379 tradita,
2115 4286 2218 4381 aditui¹

432 4389 636 4465 cuminaria
666 4394 855 4489 purioribus
890 4390 1114 4477 introdudlis,
1151 4384 1300 4489 episcopi
1350 4393 1427 4495 ipiia
1471 4409 1633 4491 nequeat,
1667 4388 1861 4487 siquidem
1890 4385 2020 4484 redle,
2052 4389 2136 4461 bor'
2155 4380 2216 4471 ell,

431 4487 658 4564 Romanensea
673 4490 906 4584 jurisdidlione
922 4495 956 4561 in
978 4508 1083 4562 coetua
1099 4491 1302 4588 euangelicos
1349 4519 1421 4569 nou
1441 4496 1475 4562 in
1494 4494 1708 4589 perniciem,
1732 4484 1841 4563 sedin
1857 4480 1998 4561 salutem
2014 4480 2162 4561 ecciefiae
2183 4500 2219 4555 ea

435 4589 649 4677 excidissent,
673 4590 803 4663 sadum
822 4586 910 4669 elie,
928 4607 964 4660 ut
981 4593 1049 4679 jura
1067 4588 1122 4661 illa
1142 4589 1302 4685 collegia·
1350 4591 1587 4693 defungantur.

434 4688 479 4761 lia
499 4686 862 4787 episcopiaademta,dt
875 4685 1018 4762 ecclelia
1031 4687 1175 4762 rellituta
1185 4709 1304 4778 ,cour-
1401 4752 1419 4789 Ι,

1448 4857 1457 4874 .
2050 4782 2220 4863 .er1.

444 4926 515 5009 (aa)
536 4928 695 4985 Defensores
707 4924 787 4997 nujus
804 4923 966 4996 systematis,
986 4920 1061 4992 cnjua
1073 4923 1245 4978 fundamenta
1260 4936 1309 4991 po·
1351 4976 1356 4987 ,
1392 4874 1506 4975 libain
1524 4907 1628 4990 p-lito
1667 4904 1821 4975 Momm
1840 4786 2223 4993 Kirciearecllderjr’rou.

480 5012 792 5077 fuithranuonrrva,
810 5007 863 5074 jam
882 4999 1311 5075 lupraindiraalnauap.xvlli.
1351 5010 1355 5015 '
1383 4992 1630 5071 statrtenapdii·
1649 4988 2223 5076 amusim,lamsaciapanseg.

485 5093 557 5149 rani·
568 5091 724 5152 'Prot-ru,
742 5080 958 5151 Karchemecbs,
970 5096 1000 5164 p,
1014 5099 1059 5148 ²4·
1073 5087 1109 5141 D·
1120 5084 1316 5142 aaronem.
1332 5125 1340 5141 ,
1732 5130 1735 5135 ,
2144 5116 2148 5123 .
