4842 5859
496 372 515 406 s
638 376 726 457 ‘ns
778 373 1012 456 senisve
1061 325 1357 456 nnn'rrrcrs.
1617 382 1631 399 ·
1815 398 1884 476 ῳ

298 562 380 637 stent
400 560 435 635 in
454 532 677 664 promnlpatis
691 561 822 663 legibus
840 585 975 637 nonex-
1020 559 1155 658 alicujus
1166 557 1317 664 speclelie
1333 559 1436 636 trahit
1450 556 1561 634 secum
1575 557 1792 649 violationem
1803 563 1887 660 pravi

311 664 446 737 adeam
464 661 676 763 transgreffio
699 663 784 764 legit
801 688 872 737 non
885 663 976 736 obli·
1018 669 1107 764 cepti
1124 662 1292 762 generalis
1306 661 1349 736 dc
1371 660 1560 735 obedientis
1576 660 1779 763 magistratui
1797 686 1882 759 prot·

318 761 529 838 incivilium
559 764 675 862 legum
698 761 974 865 promulgatione
1017 761 1143 843 llands.
1188 762 1265 865 Jam
1283 784 1368 835 vero
1382 759 1523 834 violatio
1536 761 1632 855 hujus
1653 763 1807 861 praecepti
1820 780 1882 856 ge·
2021 796 2026 807 ¹

301 867 404 936 mitur
430 887 527 961 poena
549 880 692 944 aterna,
738 858 794 935 sed
816 863 973 935 duntaxat
1017 863 1139 937 neralis
1154 863 1308 938 vulnerat
1327 857 1587 944 conscientiam,
1618 887 1696 934 cum
1717 858 1754 932 lit
1770 882 1883 933 mora·

298 991 326 1051 ις
368 986 439 1034 non
464 959 657 1061 spiritualis,
690 958 747 1035 sed
776 961 973 1061 corporalia.
1017 961 1072 1043 le,
1103 957 1291 1059 &abipso
1317 962 1590 1060 Deoinquarto
1617 959 1771 1060 decalogi
1798 982 1883 1057 prz-

298 1088 329 1135 m
351 1060 565 1161 transgrcffio
591 1063 706 1161 legum
729 1061 880 1135 civilium
900 1087 972 1134 non
1016 1082 1115 1162 cepto
1137 1061 1309 1136 creditum.
1830 1091 1834 1097 ·

298 1162 465 1259 lpoenarn
489 1181 666 1250 aeternam,
708 1164 852 1258 proinde
871 1167 972 1234 etism
1084 1236 1086 1241 ,
1566 1230 1569 1237 ,

299 1279 328 1330 at
355 1257 602 1336 conscientiam.
661 1259 850 1333 Adfirmant
873 1260 975 1332 Tho·
1062 1263 1097 1360 ς.
1118 1257 1284 1334 CCLXX.
1306 1255 1505 1331 Nollrarum
1530 1255 1741 1332 ecclesiarum
1756 1254 1887 1333 senten·

298 1384 327 1457 q.
344 1372 403 1445 96.
425 1379 486 1434 att.
502 1391 534 1444 4·
561 1357 780 1431 Tholosanus
800 1359 858 1432 lib.
880 1361 971 1434 Vlli.
1014 1365 1096 1433 tiam
1122 1363 1286 1459 proponit
1309 1355 1498 1433 Melsnerns
1526 1357 1586 1432 lib.
1607 1359 1665 1431 tv.
1692 1359 1736 1433 de
1755 1358 1887 1459 legibus

298 1484 359 1531 .c.
374 1486 406 1533 2.
432 1460 634 1531 Dominicus
658 1483 676 1528 a
696 1461 779 1531 Soto
801 1457 861 1533 lib.
880 1460 906 1534 l.
929 1458 973 1530 de
1014 1454 1093 1534 sect.
1114 1481 1145 1534 1.
1174 1485 1208 1557 q.
1230 1471 1286 1530 rr.
1324 1482 1426 1556 quam
1452 1455 1720 1531 dissindlionibus
1749 1459 1888 1556 quibus-

299 1571 416 1655 eq.6.
452 1558 673 1630 Bellartninus
695 1558 754 1635 lib.
767 1559 825 1632 111.
848 1557 890 1629 de
911 1558 973 1629 lai·
1015 1559 1094 1631 darn
1115 1557 1335 1630 includimus:
1366 1564 1412 1645 ι.)
1430 1559 1587 1654 Quadam
1610 1561 1698 1657 leges
1712 1556 1885 1657 magistra·

306 1654 973 1754 Becanuspsrt.li.theolschoitradis.
1017 1669 1071 1730 tus
1097 1660 1219 1731 diuinis
1236 1654 1322 1752 sant
1344 1659 1507 1752 adverse,
1545 1672 1662 1753 utpote
1682 1664 1818 1756 quondo
1842 1655 1885 1726 ad

323 1761 357 1828 dt
375 1757 430 1826 alii
446 1755 654 1850 complures:
693 1759 737 1846 ι.)
760 1758 900 1854 Propter
919 1780 976 1827 ex·
1017 1756 1231 1829 idololatrici
1249 1753 1338 1826 sacra
1364 1778 1510 1852 cogere,
1542 1773 1597 1825 aut
1625 1778 1754 1828 novum
1781 1778 1886 1856 genua

298 1853 384 1926 ilum
406 1855 561 1952 apostoli:
585 1855 826 1937 [torridus.
853 1856 976 1952 Neces-
1014 1854 1124 1952 divini
1143 1854 1250 1927 cultus
1271 1852 1441 1931 instituere
1460 1870 1621 1942 conatnr3
1646 1859 1789 1954 quedam
1808 1879 1886 1930 aero

298 1959 346 2025 liti
368 1955 476 2046 estote,
502 1979 569 2025 non
586 1953 697 2048 sulem
711 1966 850 2050 propter
869 1959 974 2038 iram,
1009 1955 1096 2053 stant
1114 1955 1237 2028 divinis
1253 1950 1455 2049 conformes,
1480 1978 1522 2024 ex
1542 1949 1640 2024 fonte
1659 1958 1738 2048 juris
1758 1973 1889 2027 natura·

310 2067 450 2149 propter
475 2053 718 2149 constitutions
750 2054 808 2124 ubi
830 2057 888 2127 irae
910 2079 972 2126 no·
1016 2057 1058 2127 lis
1082 2053 1234 2125 deducta
1259 2058 1295 2130 dt
1317 2075 1343 2121 κ
1368 2056 1461 2125 nitati
1487 2055 1629 2125 omnino
1651 2049 1889 2127 consentaneas.
2018 2080 2021 2087 ¹

298 2150 479 2246 utvvparm‘lr
507 2152 707 2250 intelligitur
734 2174 854 2250 poens;
891 2176 978 2225 ero
1018 2154 1058 2224 ln
1087 2150 1255 2248 prioribus
1279 2076 1366 2222 conl

298 2280 309 2322 t
333 2272 472 2349 propter
489 2277 620 2349 poenatn
645 2251 847 2347 magistratui
868 2257 903 2324 dt
926 2178 980 2322 le·
1019 2255 1114 2324 tione
1129 2248 1174 2322 eli
1190 2248 1321 2326 libera,
1347 2253 1426 2347 quio
1451 2260 1523 2326 Deo
1540 2252 1643 2348 magis
1661 2254 1888 2332 obediendam,
1913 2342 1914 2345 Ἴ

298 2353 436 2445 gistratus
458 2350 661 2447 parendum,
693 2373 736 2420 ne
757 2345 882 2421 scilicet
901 2373 976 2423 eam
1019 2375 1117 2451 quom
1146 2349 1345 2433 hominibus,
1367 2348 1485 2428 Actor.
1501 2350 1543 2420 V.
1561 2374 1619 2438 29.
1679 2351 1891 2446 Megillrstul

298 2475 339 2540 ts,
365 2446 420 2521 sed
447 2456 547 2519 etiam
572 2470 710 2546 propter
735 2448 977 2546 conscientiam,
1021 2451 1293 2545 obtemperamus
1313 2466 1452 2546 propter
1471 2447 1584 2520 Deum
1593 2468 1605 2538 3
1630 2456 1714 2549 ergo'
1738 2447 1762 2523 ti
1783 2452 1892 2547 magi·

298 2574 354 2619 sne
372 2549 485 2647 legum
503 2573 576 2620 eam
591 2571 781 2622 oneremus.
833 2545 981 2646 a.)Prn-
1022 2549 1137 2622 ilratus
1166 2549 1314 2644 praecipit
1338 2544 1462 2644 aliquid
1487 2547 1566 2619 Deo
1591 2541 1764 2621 adversum
1783 2573 1822 2640 ac
1843 2547 1892 2620 le·
2059 2624 2062 2636 ,

298 2651 424 2721 itionem
441 2648 670 2745 magifiratus:
701 2644 913 2743 Megillrstns
933 2646 979 2718 eil
1050 2650 1121 2720 ibus
1136 2644 1499 2734 divinis'contrarlum,
1524 2651 1595 2736 non
1609 2646 1749 2720 debetut
1767 2651 1798 2720 ei
1812 2646 1893 2719 obc-
2037 2673 2040 2681 ·
2076 2645 2081 2657 “

298 2747 365 2835 ier,
386 2750 487 2819 Rom.
505 2749 604 2819 sitit:
614 2776 647 2829 4.
675 2743 724 2819 θ’
746 2749 805 2843 qai
823 2745 979 2841 potestati
1025 2673 1165 2823 diutia.
1226 2746 1285 2836 a.)
1314 2747 1470 2842 Quadam
1495 2743 1580 2845 leges
1603 2748 1713 2822 ciuiles
1726 2747 1894 2846 ferocior

298 2853 339 2934 tt,
373 2830 492 2920 divide
523 2847 731 2918 ordinationi
753 2847 868 2944 refistit
896 2869 927 2918 v.
946 2873 982 2924 ι.
1026 2851 1067 2918 de
1081 2844 1430 2946 rebosjurenotoroii
1450 2868 1488 2917 uc
1504 2848 1619 2919 diuino
1633 2847 1703 2946 jors
1719 2860 1794 2922 unte
1811 2869 1895 2943 pro-

298 2947 441 3044 tsgreffio
458 2948 571 3041 legunt
592 2969 609 3014 a
627 2942 816 3042 magistratu
831 2943 983 3042 promul·
1028 2947 1157 3034 histris,
1180 2968 1255 3042 qutc
1274 2961 1387 3018 tamen
1404 2942 1445 3014 ad
1463 2944 1578 3042 legum
1592 2946 1741 3020 civilium
1759 2942 1896 3018 censum
1933 3012 1935 3015 .

298 3049 400 3116 deum
424 3041 586 3129 offendit,
612 3050 647 3116 ἃ
668 3038 910 3142 consequenter
934 3042 983 3114 le·
1027 3042 1240 3130 referuntur,
1276 3048 1354 3139 quia
1382 3061 1487 3114 certas
1508 3043 1731 3117 determinant
1750 3038 1896 3118 circum·

299 3140 564 3216 reonscientinm
583 3143 745 3242 obligant.
794 3144 916 3234 injuria
935 3139 986 3212 le·
1028 3143 1175 3232 stantiae,
1202 3146 1496 3240 quedomuerode
1516 3142 1898 3241 relossoonotoroiu·
1971 3204 1981 3212 .

298 3245 348 3316 tali
365 3242 473 3328 illato,
491 3243 653 3326 redundat
671 3249 707 3314 in
724 3240 913 3337 legantem,
934 3236 987 3312 'fic
1029 3243 1277 3342 diffitemidus,
1300 3266 1373 3339 quae
1388 3266 1451 3313 nec
1467 3241 1592 3329 divina,
1615 3267 1679 3319 uec
1695 3243 1835 3317 naturali
1848 3242 1918 3317 lem

298 3343 525 3440 stttagillratns
547 3347 582 3411 in
599 3343 731 3427 Deum,
747 3339 873 3411 ordinis
887 3342 985 3429 hujus
1029 3368 1072 3515 pe
1082 3338 1155 3412 sunt
1164 3343 1354 3435 prohibita.
1379 3339 1902 3442 lllaefinnplicitcrobligant'con·
1954 3376 1962 3386 ’

298 3495 303 3516 .
356 3449 402 3534 3.)
428 3442 569 3536 Bropter
593 3451 749 3511 naturum
775 3441 883 3538 legem
906 3439 986 3509 tioi-
1046 3444 1223 3526 cientiatn,
1257 3440 1310 3510 hac
1335 3455 1424 3509 certa
1454 3445 1597 3527 ratione.
1660 3446 1707 3536 3.)
1733 3446 1901 3526 Quarum·

298 3546 370 3612 unis
396 3541 450 3611 lex
470 3540 615 3611 humana
635 3538 804 3638 derivatur
823 3562 865 3608 ex
887 3533 986 3625 fonte
1031 3537 1110 3610 dam
1125 3537 1241 3634 legum
1259 3539 1397 3610 materia
1406 3537 1494 3631 sont
1515 3563 1566 3610 res
1583 3545 1760 3638 grauiores
1778 3549 1822 3615 od
1833 3570 1899 3640 pu·

298 3638 561 3713 taedtnsturalis.
611 3639 706 3736 Ergo
722 3635 762 3704 ab
779 3634 987 3730 eadempar·
1033 3635 1277 3732 rempublicam
1302 3633 1347 3725 ὅ
1367 3638 1472 3709 civilis
1485 3635 1652 3734 societatis
1674 3630 1898 3742 conseruatio-

298 3766 330 3808 tn
364 3738 536 3834 obligandi
568 3733 795 3807 conscientias.
864 3735 986 3805 Omnis
1031 3761 1103 3810 nem
1132 3736 1354 3830 pertinentes,
1394 3735 1626 3834 quarumdam
1646 3763 1729 3813 vero
1761 3747 1900 3816 materia

298 3837 373 3908 inde
394 3842 494 3907 etiam
520 3836 626 3906 civilis
643 3842 681 3908 ot
701 3836 847 3905 humana
867 3832 913 3904 eli
932 3856 987 3904 re·
1032 3833 1107 3908 sunt
1130 3857 1181 3907 res
1209 3836 1347 3908 leuiores
1369 3833 1411 3906 ad
1434 3831 1593 3932 ἔυταξίαν
1615 3834 1899 3936 &demordet

1360 2155 1481 2223 cientis
1508 2151 1548 2222 ab
1572 2148 1706 2226 illarum
1732 2149 1888 2224 observa·
2030 2176 2033 2180 ’

299 3959 377 4028 utn3
407 3942 471 4026 jam
497 3959 579 4006 uero
602 3933 777 4032 proprium
796 3931 841 4003 ell
864 3930 989 4030 regule
1032 3937 1187 4008 duntaxat
1199 3927 1393 4032 spediautes.
1443 3937 1599 4036 Vtraeque
1615 3961 1657 4010 an
1673 3942 1901 4053 &quottrodo
2039 4016 2042 4023 ,
2091 3968 2094 3977 ·

298 4042 357 4106 2ita
376 4035 576 4132 dirigere&
595 4033 770 4127 obligare,
793 4050 829 4102 ut
845 4027 989 4103 rocelino
1033 4035 1188 4133 obligent
1223 4029 1491 4112 conscientiam?
1527 4061 1568 4108 ex
1600 4032 1694 4138 seqq.
1719 4043 1901 4141 adparebit.

298 4138 315 4204 lt
338 4155 509 4230 peccatum
533 4138 568 4204 in
591 4134 762 4219 risoribus,
786 4128 867 4202 ficut
881 4125 989 4203 recel-
1034 4136 1082 4204 Vt
1104 4152 1215 4206 autern
1240 4136 1277 4204 in
1299 4129 1374 4231 ipfis
1398 4131 1528 4233 legibus
1548 4137 1721 4228 civilibus,
1750 4146 1796 4231 ita
1815 4167 1902 4240 quo·

298 4232 344 4303 sla
365 4239 399 4304 in
420 4236 542 4303 artibus
559 4232 603 4301 eil
620 4250 794 4327 peceatum
810 4232 898 4304 artis.
926 4232 992 4301 Er·
1035 4257 1100 4330 quo
1121 4237 1157 4302 in
1182 4255 1299 4314 esrum
1324 4231 1509 4305 violatione
1536 4260 1656 4334 magua
1678 4239 1923 4338 deprehendi-4
2030 4320 2039 4339 Ι

298 4329 547 4427 ttransgreffiu
581 4332 664 4427 legis
693 4335 916 4423 cujuscunque
946 4325 992 4398 cll
1036 4350 1091 4403 tur
1110 4330 1289 4403 diuersitas.
1339 4333 1390 4420 a.)
1416 4331 1627 4431 Quandoque
1647 4344 1738 4412 enim
1759 4341 1902 4411 uiolatio

328 4433 363 4500 in
393 4432 570 4517 moribus,
619 4426 717 4503 &fit
746 4452 824 4497 cum
853 4425 993 4497 vulnere
1035 4430 1152 4528 legum
1168 4431 1319 4503 civilium
1331 4433 1487 4526 procedit
1502 4447 1715 4510 excaecento
1735 4438 1905 4540 magistro·

298 4533 347 4600 ie.
407 4532 463 4620 4.)
488 4530 628 4624 Propter
658 4541 813 4600 naturam
844 4527 995 4599 uiolatio·
1036 4542 1109 4618 sos,
1143 4526 1263 4627 liquis
1288 4522 1391 4601 sciens
1419 4555 1459 4603 ac
1483 4531 1603 4607 volens
1624 4536 1779 4609 deilinata
1801 4541 1905 4611 animi

298 4627 409 4726 idquid
436 4627 562 4699 inducit
585 4627 739 4723 culpam,
766 4625 895 4722 obligat
914 4650 995 4696 con·
1037 4630 1166 4703 malitia
1197 4628 1310 4722 legem
1337 4629 1597 4729 transgreditur,
1631 4640 1667 4709 ὰ
1698 4636 1904 4735 magistratus
1952 4643 1964 4666 '

309 4782 319 4812 ,
355 4733 433 4821 quia
454 4723 653 4798 conscientia
680 4726 725 4798 eli
744 4721 852 4796 sensus
871 4724 994 4822 cnlpae,
1039 4729 1272 4811 audieritatem
1292 4721 1409 4819 susque
1430 4735 1539 4828 deque
1556 4733 1683 4823 habet3·
1725 4738 1906 4836 nandoque

298 4831 509 4926 ttidtrnetus
531 4824 657 4919 judicii.
708 4829 751 4896 At
772 4824 995 4922 legeseiniles
1038 4850 1123 4899 veto
1143 4851 1185 4900 ex
1212 4761 1762 4929 ignorantiaquodaminoiucilili
1784 4844 1907 4918 oritur.
1961 4863 1966 4873 ⁸

299 4923 446 4995 nducunt
469 4923 614 5021 culpdm.
670 4924 765 5022 Ergo
788 4929 889 4994 etiarn
911 4923 997 4994 obli·
1039 4918 1157 5023 utpote
1176 4923 1200 4997 fi
1220 4931 1293 5024 quis
1313 4928 1414 5000 talem
1427 4930 1606 5028 quamdam
1628 4931 1737 5012 lenem
1754 4932 1909 5028 promul·

298 5017 485 5132 ridentium.
556 5024 718 5122 i'rae'terea
746 5020 893 5122 violatio,
913 5021 998 5122 legis
1040 5041 1153 5126 gatsnt
1173 5020 1239 5098 else
1257 5027 1444 5124 ignoravit,
1470 5027 1527 5104 vel
1546 5032 1648 5113 etism
1664 5031 1692 5115 fi
1711 5041 1784 5139 quis
1802 5037 1910 5125 hunc,

1047 5123 1206 5238 ‚hs
1537 5198 1542 5205 .
1730 5244 1732 5249 Ι
1855 5131 1919 5234 pel
