<?xml version="1.0" encoding="UTF-8"?>
<!DOCTYPE html PUBLIC "-//W3C//DTD XHTML 1.0 Transitional//EN"
    "http://www.w3.org/TR/xhtml1/DTD/xhtml1-transitional.dtd">
<html xmlns="http://www.w3.org/1999/xhtml" xml:lang="en" lang="en">
 <head>
  <title>
</title>
<meta http-equiv="Content-Type" content="text/html;charset=utf-8" />
  <meta name='ocr-system' content='tesseract 3.04.00' />
  <meta name='ocr-capabilities' content='ocr_page ocr_carea ocr_par ocr_line ocrx_word'/>
</head>
<body>
  <div class='ocr_page' id='page_1' title='image "./locitheologicic07cottgoog/locitheologicic07cottgoog_0469.png"; bbox 0 0 4842 5859; ppageno 0'>
   <div class='ocr_carea' id='block_1_1' title="bbox 618 255 2015 423">
    <p class='ocr_par' dir='ltr' id='par_1_1' title="bbox 618 255 2015 423">
     <span class='ocr_line' id='line_1_1' title="bbox 618 255 2015 423; baseline -0.004 -31"><span class='ocrx_word' id='word_1_1' title='bbox 618 255 856 423; x_wconf 48' lang='lat' dir='ltr'>sor</span> <span class='ocrx_word' id='word_1_2' title='bbox 901 308 1136 391; x_wconf 80' lang='lat' dir='ltr'>rnornvs</span> <span class='ocrx_word' id='word_1_3' title='bbox 1186 305 1487 394; x_wconf 82' lang='lat' dir='ltr'>rorrrrcrs.</span> <span class='ocrx_word' id='word_1_4' title='bbox 1941 306 2015 419; x_wconf 67' lang='lat' dir='ltr'>xia</span> 
     </span>
    </p>
   </div>
   <div class='ocr_carea' id='block_1_2' title="bbox 298 444 2065 992">
    <p class='ocr_par' dir='ltr' id='par_1_2' title="bbox 298 444 2065 992">
     <span class='ocr_line' id='line_1_2' title="bbox 298 444 2012 663; baseline 0.005 -98"><span class='ocrx_word' id='word_1_5' title='bbox 298 481 329 565; x_wconf 77' lang='lat' dir='ltr'>ni</span> <span class='ocrx_word' id='word_1_6' title='bbox 347 488 565 612; x_wconf 62' lang='lat' dir='ltr'>lpliptaedatp</span> <span class='ocrx_word' id='word_1_7' title='bbox 590 458 703 614; x_wconf 84' lang='lat' dir='ltr'>primo</span> <span class='ocrx_word' id='word_1_8' title='bbox 715 491 815 617; x_wconf 77' lang='lat' dir='ltr'>trudit</span> <span class='ocrx_word' id='word_1_9' title='bbox 830 444 889 598; x_wconf 84' lang='lat' dir='ltr'>ipsi</span> <span class='ocrx_word' id='word_1_10' title='bbox 909 493 1099 614; x_wconf 82' lang='lat' dir='ltr'>dominium</span> <span class='ocrx_word' id='word_1_11' title='bbox 1145 494 1257 612; x_wconf 77' lang='lat' dir='ltr'>perlue</span> <span class='ocrx_word' id='word_1_12' title='bbox 1277 490 1472 663; x_wconf 78' lang='lat' dir='ltr'>proposnae,</span> <span class='ocrx_word' id='word_1_13' title='bbox 1505 489 1635 566; x_wconf 88' lang='lat' dir='ltr'>nullum</span> <span class='ocrx_word' id='word_1_14' title='bbox 1660 517 1702 616; x_wconf 74' lang='lat' dir='ltr'>err</span> <span class='ocrx_word' id='word_1_15' title='bbox 1723 493 1767 568; x_wconf 86' lang='lat' dir='ltr'>eo</span> <span class='ocrx_word' id='word_1_16' title='bbox 1790 446 2012 620; x_wconf 77' lang='lat' dir='ltr'>metuendum</span> 
     </span>
     <span class='ocr_line' id='line_1_3' title="bbox 298 590 2065 794; baseline 0.003 -37"><span class='ocrx_word' id='word_1_17' title='bbox 298 611 533 761; x_wconf 58' lang='lat' dir='ltr'>illiniti?</span> <span class='ocrx_word' id='word_1_18' title='bbox 544 590 1099 794; x_wconf 59' lang='lat' dir='ltr'>lllllillngllllllli</span> <span class='ocrx_word' id='word_1_19' title='bbox 1142 593 1742 788; x_wconf 59' lang='lat' dir='ltr'>llgrltlllllntlllillll</span> <span class='ocrx_word' id='word_1_20' title='bbox 1759 597 2012 772; x_wconf 53' lang='lat' dir='ltr'>sesilliis&amp;</span> <span class='ocrx_word' id='word_1_21' title='bbox 2058 668 2065 682; x_wconf 83' lang='lat'><strong>·</strong></span> 
     </span>
     <span class='ocr_line' id='line_1_4' title="bbox 298 787 2009 891; baseline 0.009 -36"><span class='ocrx_word' id='word_1_22' title='bbox 298 794 521 878; x_wconf 77' lang='lat' dir='ltr'>:ommerciis3</span> <span class='ocrx_word' id='word_1_23' title='bbox 545 791 689 886; x_wconf 83' lang='lat' dir='ltr'>proinde</span> <span class='ocrx_word' id='word_1_24' title='bbox 708 797 784 891; x_wconf 88' lang='lat' dir='ltr'>quio</span> <span class='ocrx_word' id='word_1_25' title='bbox 801 792 935 869; x_wconf 89' lang='lat' dir='ltr'>debitor</span> <span class='ocrx_word' id='word_1_26' title='bbox 949 790 1099 891; x_wconf 75' lang='lat' dir='ltr'>respedlu</span> <span class='ocrx_word' id='word_1_27' title='bbox 1141 813 1221 861; x_wconf 88' lang='lat' dir='ltr'>nem</span> <span class='ocrx_word' id='word_1_28' title='bbox 1236 787 1375 881; x_wconf 80' lang='lat' dir='ltr'>adjecit,</span> <span class='ocrx_word' id='word_1_29' title='bbox 1393 817 1440 863; x_wconf 86' lang='lat' dir='ltr'>ne</span> <span class='ocrx_word' id='word_1_30' title='bbox 1449 795 1485 862; x_wconf 93' lang='lat' dir='ltr'>in</span> <span class='ocrx_word' id='word_1_31' title='bbox 1497 788 1607 862; x_wconf 79' lang='lat' dir='ltr'>usurus</span> <span class='ocrx_word' id='word_1_32' title='bbox 1621 791 1750 888; x_wconf 78' lang='lat' dir='ltr'>illicitet</span> <span class='ocrx_word' id='word_1_33' title='bbox 1768 791 2009 888; x_wconf 80' lang='lat' dir='ltr'>excrescerent,</span> 
     </span>
     <span class='ocr_line' id='line_1_5' title="bbox 298 884 2009 992; baseline 0.009 -38"><span class='ocrx_word' id='word_1_34' title='bbox 298 884 429 975; x_wconf 78' lang='lat' dir='ltr'>lenioris</span> <span class='ocrx_word' id='word_1_35' title='bbox 444 887 599 960; x_wconf 87' lang='lat' dir='ltr'>beneficii</span> <span class='ocrx_word' id='word_1_36' title='bbox 618 885 674 962; x_wconf 83' lang='lat' dir='ltr'>sue</span> <span class='ocrx_word' id='word_1_37' title='bbox 690 917 807 989; x_wconf 81' lang='lat' dir='ltr'>parare</span> <span class='ocrx_word' id='word_1_38' title='bbox 820 893 926 992; x_wconf 89' lang='lat' dir='ltr'>potell</span> <span class='ocrx_word' id='word_1_39' title='bbox 942 915 1099 964; x_wconf 87' lang='lat' dir='ltr'>commo·</span> <span class='ocrx_word' id='word_1_40' title='bbox 1142 892 1177 961; x_wconf 80' lang='lat' dir='ltr'>dr</span> <span class='ocrx_word' id='word_1_41' title='bbox 1199 885 1373 980; x_wconf 79' lang='lat' dir='ltr'>justitiam,</span> <span class='ocrx_word' id='word_1_42' title='bbox 1401 889 1728 988; x_wconf 75' lang='lat' dir='ltr'>rerumpublicarum</span> <span class='ocrx_word' id='word_1_43' title='bbox 1755 890 2009 989; x_wconf 78' lang='lat' dir='ltr'>fulcimentum,</span> 
     </span>
    </p>
   </div>
   <div class='ocr_carea' id='block_1_3' title="bbox 298 983 2118 3960">
    <p class='ocr_par' dir='ltr' id='par_1_3' title="bbox 298 983 2118 3960">
     <span class='ocr_line' id='line_1_6' title="bbox 323 983 1342 1089; baseline 0.005 -33"><span class='ocrx_word' id='word_1_44' title='bbox 323 983 506 1084; x_wconf 81' lang='lat' dir='ltr'>eademque</span> <span class='ocrx_word' id='word_1_45' title='bbox 523 989 626 1082; x_wconf 82' lang='lat' dir='ltr'>longe</span> <span class='ocrx_word' id='word_1_46' title='bbox 646 989 860 1089; x_wconf 83' lang='lat' dir='ltr'>umplillirnu,</span> <span class='ocrx_word' id='word_1_47' title='bbox 886 1018 911 1063; x_wconf 81' lang='lat' dir='ltr'>rt</span> <span class='ocrx_word' id='word_1_48' title='bbox 937 1017 1017 1064; x_wconf 88' lang='lat' dir='ltr'>uum</span> <span class='ocrx_word' id='word_1_49' title='bbox 1034 989 1097 1074; x_wconf 88' lang='lat' dir='ltr'>cll,</span> <span class='ocrx_word' id='word_1_50' title='bbox 1141 1004 1342 1062; x_wconf 82' lang='lat' dir='ltr'>everterent.</span> 
     </span>
     <span class='ocr_line' id='line_1_7' title="bbox 299 1017 1099 1186; baseline 0.009 -34"><span class='ocrx_word' id='word_1_51' title='bbox 299 1086 438 1157; x_wconf 88' lang='lat' dir='ltr'>redituri</span> <span class='ocrx_word' id='word_1_52' title='bbox 454 1082 520 1155; x_wconf 87' lang='lat' dir='ltr'>sese</span> <span class='ocrx_word' id='word_1_53' title='bbox 530 1110 662 1184; x_wconf 87' lang='lat' dir='ltr'>gratnm</span> <span class='ocrx_word' id='word_1_54' title='bbox 676 1090 829 1186; x_wconf 72' lang='lat' dir='ltr'>prebent.</span> <span class='ocrx_word' id='word_1_55' title='bbox 879 1017 1032 1162; x_wconf 64' lang='lat' dir='ltr'>osendit</span> <span class='ocrx_word' id='word_1_56' title='bbox 1044 1113 1099 1162; x_wconf 83' lang='lat' dir='ltr'>ex·</span> 
     </span>
     <span class='ocr_line' id='line_1_8' title="bbox 298 1180 1995 1293; baseline 0.007 -44"><span class='ocrx_word' id='word_1_57' title='bbox 298 1180 708 1282; x_wconf 68' lang='lat' dir='ltr'>tentia,us111npecuniac</span> <span class='ocrx_word' id='word_1_58' title='bbox 739 1213 809 1261; x_wconf 91' lang='lat' dir='ltr'>non</span> <span class='ocrx_word' id='word_1_59' title='bbox 837 1185 966 1261; x_wconf 85' lang='lat' dir='ltr'>elscco</span> <span class='ocrx_word' id='word_1_60' title='bbox 990 1193 1097 1262; x_wconf 91' lang='lat' dir='ltr'>modo</span> <span class='ocrx_word' id='word_1_61' title='bbox 1188 1186 1222 1281; x_wconf 50' lang='grc' dir='ltr'>ᾗ.</span> <span class='ocrx_word' id='word_1_62' title='bbox 1249 1181 1419 1255; x_wconf 86' lang='lat' dir='ltr'>CCLVll.</span> <span class='ocrx_word' id='word_1_63' title='bbox 1465 1183 1546 1274; x_wconf 92' lang='lat' dir='ltr'><strong>IV.)</strong></span> <span class='ocrx_word' id='word_1_64' title='bbox 1574 1181 1754 1260; x_wconf 87' lang='lat' dir='ltr'>Proserunt</span> <span class='ocrx_word' id='word_1_65' title='bbox 1803 1208 1849 1288; x_wconf 82' lang='lat'>4·)</span> <span class='ocrx_word' id='word_1_66' title='bbox 1869 1210 1995 1293; x_wconf 78' lang='lat' dir='ltr'>Exjuce</span> 
     </span>
     <span class='ocr_line' id='line_1_9' title="bbox 299 1277 1937 1383; baseline 0.004 -33"><span class='ocrx_word' id='word_1_67' title='bbox 299 1277 521 1362; x_wconf 77' lang='lat' dir='ltr'>sumnonem,</span> <span class='ocrx_word' id='word_1_68' title='bbox 541 1283 638 1357; x_wconf 79' lang='lat' dir='ltr'>sicut</span> <span class='ocrx_word' id='word_1_69' title='bbox 668 1294 703 1359; x_wconf 90' lang='lat' dir='ltr'>in</span> <span class='ocrx_word' id='word_1_70' title='bbox 727 1292 830 1375; x_wconf 86' lang='lat' dir='ltr'>vino,</span> <span class='ocrx_word' id='word_1_71' title='bbox 863 1285 1036 1361; x_wconf 86' lang='lat' dir='ltr'>frumento</span> <span class='ocrx_word' id='word_1_72' title='bbox 1060 1291 1095 1360; x_wconf 79' lang='lat' dir='ltr'>dt</span> <span class='ocrx_word' id='word_1_73' title='bbox 1132 1279 1649 1382; x_wconf 71' lang='lat' dir='ltr'>juriscanonicidispofitionrn,</span> <span class='ocrx_word' id='word_1_74' title='bbox 1677 1309 1751 1383; x_wconf 76' lang='lat' dir='ltr'>quae</span> <span class='ocrx_word' id='word_1_75' title='bbox 1799 1296 1937 1356; x_wconf 83' lang='lat' dir='ltr'>canonico.</span> 
     </span>
     <span class='ocr_line' id='line_1_10' title="bbox 298 1377 1754 1484; baseline 0.004 -35"><span class='ocrx_word' id='word_1_76' title='bbox 298 1378 388 1451; x_wconf 77' lang='lat' dir='ltr'>rfun</span> <span class='ocrx_word' id='word_1_77' title='bbox 416 1382 567 1471; x_wconf 86' lang='lat' dir='ltr'>ibilibur,</span> <span class='ocrx_word' id='word_1_78' title='bbox 610 1383 667 1458; x_wconf 91' lang='lat' dir='ltr'>sed</span> <span class='ocrx_word' id='word_1_79' title='bbox 696 1407 815 1484; x_wconf 84' lang='lat' dir='ltr'>practer</span> <span class='ocrx_word' id='word_1_80' title='bbox 847 1386 1096 1459; x_wconf 74' lang='lat' dir='ltr'>dillradiioneur</span> <span class='ocrx_word' id='word_1_81' title='bbox 1137 1377 1754 1478; x_wconf 75' lang='lat' dir='ltr'>obsolute-dtsimpliciterornnerusu·</span> 
     </span>
     <span class='ocr_line' id='line_1_11' title="bbox 299 1409 2003 1579; baseline 0.006 -30"><span class='ocrx_word' id='word_1_82' title='bbox 299 1483 325 1550; x_wconf 83' lang='lat' dir='ltr'>iu</span> <span class='ocrx_word' id='word_1_83' title='bbox 352 1409 459 1577; x_wconf 79' lang='lat' dir='ltr'>ipsum</span> <span class='ocrx_word' id='word_1_84' title='bbox 481 1477 577 1552; x_wconf 86' lang='lat' dir='ltr'>usum</span> <span class='ocrx_word' id='word_1_85' title='bbox 599 1489 747 1579; x_wconf 72' lang='lat' dir='ltr'>pecunie</span> <span class='ocrx_word' id='word_1_86' title='bbox 771 1484 895 1556; x_wconf 84' lang='lat' dir='ltr'>habere</span> <span class='ocrx_word' id='word_1_87' title='bbox 917 1484 1094 1558; x_wconf 78' lang='lat' dir='ltr'>utilitatem</span> <span class='ocrx_word' id='word_1_88' title='bbox 1135 1503 1189 1553; x_wconf 80' lang='lat' dir='ltr'>rus</span> <span class='ocrx_word' id='word_1_89' title='bbox 1212 1480 1356 1554; x_wconf 73' lang='lat' dir='ltr'>damnet.</span> <span class='ocrx_word' id='word_1_90' title='bbox 1407 1480 1509 1577; x_wconf 83' lang='lat' dir='ltr'>Resp.</span> <span class='ocrx_word' id='word_1_91' title='bbox 1534 1483 1764 1578; x_wconf 76' lang='lat' dir='ltr'>recipiendum</span> <span class='ocrx_word' id='word_1_92' title='bbox 1782 1483 1818 1558; x_wconf 88' lang='lat' dir='ltr'>id</span> <span class='ocrx_word' id='word_1_93' title='bbox 1838 1482 1881 1558; x_wconf 89' lang='lat' dir='ltr'>de</span> <span class='ocrx_word' id='word_1_94' title='bbox 1896 1482 2003 1560; x_wconf 82' lang='lat' dir='ltr'>usuric</span> 
     </span>
     <span class='ocr_line' id='line_1_12' title="bbox 301 1576 2002 1679; baseline 0.008 -35"><span class='ocrx_word' id='word_1_95' title='bbox 301 1603 336 1649; x_wconf 82' lang='lat' dir='ltr'>uc</span> <span class='ocrx_word' id='word_1_96' title='bbox 357 1576 536 1650; x_wconf 82' lang='lat' dir='ltr'>hominum</span> <span class='ocrx_word' id='word_1_97' title='bbox 559 1579 863 1677; x_wconf 74' lang='lat' dir='ltr'>adcommodatam,</span> <span class='ocrx_word' id='word_1_98' title='bbox 912 1585 992 1655; x_wconf 83' lang='lat' dir='ltr'>Non</span> <span class='ocrx_word' id='word_1_99' title='bbox 1009 1607 1093 1679; x_wconf 72' lang='lat' dir='ltr'>ergo</span> <span class='ocrx_word' id='word_1_100' title='bbox 1134 1578 1260 1653; x_wconf 83' lang='lat' dir='ltr'>illicitic</span> <span class='ocrx_word' id='word_1_101' title='bbox 1276 1585 1311 1654; x_wconf 84' lang='lat' dir='ltr'>dt</span> <span class='ocrx_word' id='word_1_102' title='bbox 1329 1583 1578 1669; x_wconf 76' lang='lat' dir='ltr'>immoderatis,</span> <span class='ocrx_word' id='word_1_103' title='bbox 1602 1603 1672 1652; x_wconf 91' lang='lat' dir='ltr'>non</span> <span class='ocrx_word' id='word_1_104' title='bbox 1686 1602 1797 1657; x_wconf 75' lang='lat' dir='ltr'>autern</span> <span class='ocrx_word' id='word_1_105' title='bbox 1812 1583 1855 1657; x_wconf 88' lang='lat' dir='ltr'>de</span> <span class='ocrx_word' id='word_1_106' title='bbox 1868 1605 2002 1658; x_wconf 85' lang='lat' dir='ltr'>contru-</span> 
     </span>
     <span class='ocr_line' id='line_1_13' title="bbox 308 1676 2003 1780; baseline 0.001 -29"><span class='ocrx_word' id='word_1_107' title='bbox 308 1676 378 1751; x_wconf 82' lang='lat' dir='ltr'>sort</span> <span class='ocrx_word' id='word_1_108' title='bbox 399 1678 449 1749; x_wconf 89' lang='lat' dir='ltr'>bis</span> <span class='ocrx_word' id='word_1_109' title='bbox 466 1677 642 1768; x_wconf 85' lang='lat' dir='ltr'>venditur,</span> <span class='ocrx_word' id='word_1_110' title='bbox 667 1676 723 1752; x_wconf 89' lang='lat' dir='ltr'>sed</span> <span class='ocrx_word' id='word_1_111' title='bbox 744 1684 842 1753; x_wconf 78' lang='lat' dir='ltr'>realis</span> <span class='ocrx_word' id='word_1_112' title='bbox 858 1684 1000 1771; x_wconf 80' lang='lat' dir='ltr'>utiliter,</span> <span class='ocrx_word' id='word_1_113' title='bbox 1016 1706 1090 1780; x_wconf 81' lang='lat' dir='ltr'>quae</span> <span class='ocrx_word' id='word_1_114' title='bbox 1135 1677 1241 1750; x_wconf 66' lang='lat' dir='ltr'>(libne</span> <span class='ocrx_word' id='word_1_115' title='bbox 1268 1676 1333 1772; x_wconf 78' lang='lat' dir='ltr'>iuri</span> <span class='ocrx_word' id='word_1_116' title='bbox 1360 1679 1522 1768; x_wconf 71' lang='lat' dir='ltr'>naturali,</span> <span class='ocrx_word' id='word_1_117' title='bbox 1544 1683 1713 1777; x_wconf 60' lang='lat' dir='ltr'>gentium</span> <span class='ocrx_word' id='word_1_118' title='bbox 1741 1688 1775 1755; x_wconf 81' lang='lat' dir='ltr'>dr</span> <span class='ocrx_word' id='word_1_119' title='bbox 1800 1684 1892 1756; x_wconf 82' lang='lat' dir='ltr'>cirili</span> <span class='ocrx_word' id='word_1_120' title='bbox 1917 1708 2003 1757; x_wconf 84' lang='lat' dir='ltr'>eon·</span> 
     </span>
     <span class='ocr_line' id='line_1_14' title="bbox 298 1774 1999 1875; baseline 0.005 -31"><span class='ocrx_word' id='word_1_121' title='bbox 298 1774 387 1846; x_wconf 89' lang='lat' dir='ltr'>litori</span> <span class='ocrx_word' id='word_1_122' title='bbox 406 1777 513 1866; x_wconf 81' lang='lat' dir='ltr'>abeli,</span> <span class='ocrx_word' id='word_1_123' title='bbox 541 1784 575 1849; x_wconf 83' lang='lat' dir='ltr'>dr</span> <span class='ocrx_word' id='word_1_124' title='bbox 596 1779 741 1853; x_wconf 90' lang='lat' dir='ltr'>debitori</span> <span class='ocrx_word' id='word_1_125' title='bbox 755 1779 866 1861; x_wconf 85' lang='lat' dir='ltr'>odell,</span> <span class='ocrx_word' id='word_1_126' title='bbox 893 1781 973 1853; x_wconf 80' lang='lat' dir='ltr'>sicut</span> <span class='ocrx_word' id='word_1_127' title='bbox 989 1787 1026 1853; x_wconf 93' lang='lat' dir='ltr'>in</span> <span class='ocrx_word' id='word_1_128' title='bbox 1038 1781 1089 1852; x_wconf 92' lang='lat' dir='ltr'>lo·</span> <span class='ocrx_word' id='word_1_129' title='bbox 1112 1775 1348 1874; x_wconf 74' lang='lat' dir='ltr'>gerentibus,</span> <span class='ocrx_word' id='word_1_130' title='bbox 1391 1776 1473 1850; x_wconf 81' lang='lat' dir='ltr'>ficut</span> <span class='ocrx_word' id='word_1_131' title='bbox 1501 1782 1684 1875; x_wconf 83' lang='lat' dir='ltr'>prudenter</span> <span class='ocrx_word' id='word_1_132' title='bbox 1704 1796 1826 1853; x_wconf 63' lang='lat' dir='ltr'>*monet</span> <span class='ocrx_word' id='word_1_133' title='bbox 1850 1777 1999 1871; x_wconf 83' lang='lat' dir='ltr'>Gerson,</span> 
     </span>
     <span class='ocr_line' id='line_1_15' title="bbox 298 1872 1997 1979; baseline 0.008 -36"><span class='ocrx_word' id='word_1_134' title='bbox 298 1872 501 1950; x_wconf 77' lang='lat' dir='ltr'>rnedomus.</span> <span class='ocrx_word' id='word_1_135' title='bbox 551 1873 632 1947; x_wconf 84' lang='lat' dir='ltr'>Vsus</span> <span class='ocrx_word' id='word_1_136' title='bbox 650 1884 739 1949; x_wconf 86' lang='lat' dir='ltr'>enim</span> <span class='ocrx_word' id='word_1_137' title='bbox 755 1886 903 1978; x_wconf 82' lang='lat' dir='ltr'>pecuniae</span> <span class='ocrx_word' id='word_1_138' title='bbox 915 1903 990 1953; x_wconf 91' lang='lat' dir='ltr'>non</span> <span class='ocrx_word' id='word_1_139' title='bbox 1006 1902 1090 1952; x_wconf 89' lang='lat' dir='ltr'>eon·</span> <span class='ocrx_word' id='word_1_140' title='bbox 1132 1900 1209 1972; x_wconf 86' lang='lat' dir='ltr'>non</span> <span class='ocrx_word' id='word_1_141' title='bbox 1210 1877 1319 1974; x_wconf 85' lang='lat' dir='ltr'>facile</span> <span class='ocrx_word' id='word_1_142' title='bbox 1330 1875 1546 1957; x_wconf 70' lang='lat' dir='ltr'>contraitum,</span> <span class='ocrx_word' id='word_1_143' title='bbox 1572 1881 1690 1974; x_wconf 76' lang='lat' dir='ltr'>inquo</span> <span class='ocrx_word' id='word_1_144' title='bbox 1710 1883 1997 1979; x_wconf 80' lang='lat' dir='ltr'>rnediocrirepno-</span> 
     </span>
     <span class='ocr_line' id='line_1_16' title="bbox 298 1973 1999 2077; baseline 0.006 -35"><span class='ocrx_word' id='word_1_145' title='bbox 298 1980 458 2070; x_wconf 80' lang='lat' dir='ltr'>:proprie</span> <span class='ocrx_word' id='word_1_146' title='bbox 480 1973 757 2065; x_wconf 73' lang='lat' dir='ltr'>indillruslione,</span> <span class='ocrx_word' id='word_1_147' title='bbox 774 1979 829 2050; x_wconf 84' lang='lat' dir='ltr'>vel</span> <span class='ocrx_word' id='word_1_148' title='bbox 846 1977 1005 2077; x_wconf 84' lang='lat' dir='ltr'>expenso,</span> <span class='ocrx_word' id='word_1_149' title='bbox 1028 1974 1087 2050; x_wconf 90' lang='lat' dir='ltr'>sed</span> <span class='ocrx_word' id='word_1_150' title='bbox 1129 1976 1208 2048; x_wconf 87' lang='lat' dir='ltr'>litus</span> <span class='ocrx_word' id='word_1_151' title='bbox 1232 1977 1449 2072; x_wconf 77' lang='lat' dir='ltr'>conspicitur,</span> <span class='ocrx_word' id='word_1_152' title='bbox 1481 1980 1771 2072; x_wconf 84' lang='lat' dir='ltr'>pronunciandum</span> <span class='ocrx_word' id='word_1_153' title='bbox 1795 1977 1856 2077; x_wconf 80' lang='lat' dir='ltr'>effc</span> <span class='ocrx_word' id='word_1_154' title='bbox 1876 1983 1999 2076; x_wconf 64' lang='lat' dir='ltr'>usuru÷</span> 
     </span>
     <span class='ocr_line' id='line_1_17' title="bbox 298 2075 1997 2176; baseline 0.005 -33"><span class='ocrx_word' id='word_1_155' title='bbox 298 2097 432 2160; x_wconf 86' lang='lat' dir='ltr'>rerum,</span> <span class='ocrx_word' id='word_1_156' title='bbox 452 2097 526 2170; x_wconf 82' lang='lat' dir='ltr'>quae</span> <span class='ocrx_word' id='word_1_157' title='bbox 546 2075 625 2146; x_wconf 91' lang='lat' dir='ltr'>inde</span> <span class='ocrx_word' id='word_1_158' title='bbox 645 2077 699 2147; x_wconf 88' lang='lat' dir='ltr'>vel</span> <span class='ocrx_word' id='word_1_159' title='bbox 720 2099 955 2176; x_wconf 83' lang='lat' dir='ltr'>comparantur</span> <span class='ocrx_word' id='word_1_160' title='bbox 974 2085 1008 2151; x_wconf 73' lang='grc' dir='ltr'>ἀ</span> <span class='ocrx_word' id='word_1_161' title='bbox 1029 2075 1088 2147; x_wconf 86' lang='lat' dir='ltr'>od·</span> <span class='ocrx_word' id='word_1_162' title='bbox 1128 2077 1229 2149; x_wconf 70' lang='lat' dir='ltr'>rium</span> <span class='ocrx_word' id='word_1_163' title='bbox 1291 2076 1331 2145; x_wconf 93' lang='lat' dir='ltr'>ln</span> <span class='ocrx_word' id='word_1_164' title='bbox 1354 2080 1425 2165; x_wconf 86' lang='lat' dir='ltr'>jure</span> <span class='ocrx_word' id='word_1_165' title='bbox 1451 2081 1540 2148; x_wconf 88' lang='lat' dir='ltr'>enim</span> <span class='ocrx_word' id='word_1_166' title='bbox 1565 2081 1730 2149; x_wconf 82' lang='lat' dir='ltr'>canonico</span> <span class='ocrx_word' id='word_1_167' title='bbox 1756 2098 1896 2176; x_wconf 87' lang='lat' dir='ltr'>propter</span> <span class='ocrx_word' id='word_1_168' title='bbox 1920 2106 1997 2152; x_wconf 92' lang='lat' dir='ltr'>mo·</span> 
     </span>
     <span class='ocr_line' id='line_1_18' title="bbox 299 2167 1996 2273; baseline 0.007 -33"><span class='ocrx_word' id='word_1_169' title='bbox 299 2189 418 2260; x_wconf 91' lang='lat' dir='ltr'>untur,</span> <span class='ocrx_word' id='word_1_170' title='bbox 444 2171 499 2242; x_wconf 83' lang='lat' dir='ltr'>vel</span> <span class='ocrx_word' id='word_1_171' title='bbox 517 2195 590 2268; x_wconf 81' lang='lat' dir='ltr'>qnae</span> <span class='ocrx_word' id='word_1_172' title='bbox 615 2177 675 2256; x_wconf 84' lang='lat' dir='ltr'>hac</span> <span class='ocrx_word' id='word_1_173' title='bbox 695 2179 824 2248; x_wconf 84' lang='lat' dir='ltr'>tutione</span> <span class='ocrx_word' id='word_1_174' title='bbox 849 2171 1088 2248; x_wconf 81' lang='lat' dir='ltr'>conserventur</span> <span class='ocrx_word' id='word_1_175' title='bbox 1126 2195 1201 2246; x_wconf 84' lang='lat' dir='ltr'>rum</span> <span class='ocrx_word' id='word_1_176' title='bbox 1224 2167 1400 2244; x_wconf 80' lang='lat' dir='ltr'>solutionis</span> <span class='ocrx_word' id='word_1_177' title='bbox 1420 2197 1490 2245; x_wconf 91' lang='lat' dir='ltr'>non</span> <span class='ocrx_word' id='word_1_178' title='bbox 1512 2174 1624 2250; x_wconf 85' lang='lat' dir='ltr'>solrirn</span> <span class='ocrx_word' id='word_1_179' title='bbox 1648 2179 1683 2245; x_wconf 89' lang='lat' dir='ltr'>id</span> <span class='ocrx_word' id='word_1_180' title='bbox 1691 2221 1703 2262; x_wconf 89' lang='lat'>,</span> <span class='ocrx_word' id='word_1_181' title='bbox 1734 2176 1996 2273; x_wconf 72' lang='lat' dir='ltr'>quod-interest,</span> 
     </span>
     <span class='ocr_line' id='line_1_19' title="bbox 304 2267 1996 2373; baseline 0.005 -33"><span class='ocrx_word' id='word_1_182' title='bbox 304 2268 563 2350; x_wconf 71' lang='lat' dir='ltr'>distrahente,</span> <span class='ocrx_word' id='word_1_183' title='bbox 607 2297 707 2365; x_wconf 84' lang='lat' dir='ltr'>quum</span> <span class='ocrx_word' id='word_1_184' title='bbox 740 2271 989 2373; x_wconf 77' lang='lat' dir='ltr'>responsionem</span> <span class='ocrx_word' id='word_1_185' title='bbox 1014 2297 1086 2346; x_wconf 88' lang='lat' dir='ltr'>non</span> <span class='ocrx_word' id='word_1_186' title='bbox 1126 2275 1261 2370; x_wconf 81' lang='lat' dir='ltr'>exigere</span> <span class='ocrx_word' id='word_1_187' title='bbox 1276 2267 1488 2369; x_wconf 87' lang='lat' dir='ltr'>permissum,</span> <span class='ocrx_word' id='word_1_188' title='bbox 1518 2273 1636 2371; x_wconf 89' lang='lat' dir='ltr'>(quod</span> <span class='ocrx_word' id='word_1_189' title='bbox 1658 2294 1747 2345; x_wconf 90' lang='lat' dir='ltr'>certe</span> <span class='ocrx_word' id='word_1_190' title='bbox 1764 2298 1882 2371; x_wconf 84' lang='lat' dir='ltr'>prtum</span> <span class='ocrx_word' id='word_1_191' title='bbox 1900 2277 1996 2350; x_wconf 84' lang='lat' dir='ltr'>distat</span> 
     </span>
     <span class='ocr_line' id='line_1_20' title="bbox 467 2367 1995 2472; baseline 0.005 -30"><span class='ocrx_word' id='word_1_192' title='bbox 467 2368 637 2468; x_wconf 84' lang='lat' dir='ltr'>improbar</span> <span class='ocrx_word' id='word_1_193' title='bbox 654 2375 867 2447; x_wconf 84' lang='lat' dir='ltr'>Chemnitius</span> <span class='ocrx_word' id='word_1_194' title='bbox 882 2393 963 2472; x_wconf 87' lang='lat' dir='ltr'>pun.</span> <span class='ocrx_word' id='word_1_195' title='bbox 973 2377 1016 2453; x_wconf 84' lang='lat'>11.</span> <span class='ocrx_word' id='word_1_196' title='bbox 1034 2372 1084 2446; x_wconf 90' lang='lat' dir='ltr'>lo·</span> <span class='ocrx_word' id='word_1_197' title='bbox 1125 2394 1144 2440; x_wconf 84' lang='lat' dir='ltr'>e</span> <span class='ocrx_word' id='word_1_198' title='bbox 1165 2369 1345 2443; x_wconf 80' lang='lat' dir='ltr'>moderato</span> <span class='ocrx_word' id='word_1_199' title='bbox 1362 2369 1424 2442; x_wconf 91' lang='lat' dir='ltr'>illo</span> <span class='ocrx_word' id='word_1_200' title='bbox 1440 2367 1556 2461; x_wconf 86' lang='lat' dir='ltr'>censu,</span> <span class='ocrx_word' id='word_1_201' title='bbox 1583 2372 1625 2442; x_wconf 88' lang='lat' dir='ltr'>de</span> <span class='ocrx_word' id='word_1_202' title='bbox 1648 2396 1716 2469; x_wconf 83' lang='lat' dir='ltr'>quo</span> <span class='ocrx_word' id='word_1_203' title='bbox 1737 2379 1802 2464; x_wconf 81' lang='lat' dir='ltr'>jorn</span> <span class='ocrx_word' id='word_1_204' title='bbox 1825 2381 1995 2472; x_wconf 62' lang='lat' dir='ltr'>opinion)</span> 
     </span>
     <span class='ocr_line' id='line_1_21' title="bbox 298 2469 1992 2640; baseline 0.006 -101"><span class='ocrx_word' id='word_1_205' title='bbox 298 2493 401 2559; x_wconf 62' lang='lat' dir='ltr'>im,-</span> <span class='ocrx_word' id='word_1_206' title='bbox 470 2493 544 2544; x_wconf 89' lang='lat' dir='ltr'>cor.</span> <span class='ocrx_word' id='word_1_207' title='bbox 569 2495 706 2567; x_wconf 68' lang='lat' dir='ltr'>perr·</span> <span class='ocrx_word' id='word_1_208' title='bbox 755 2471 800 2572; x_wconf 74' lang='lat' dir='ltr'>s)</span> <span class='ocrx_word' id='word_1_209' title='bbox 826 2480 983 2549; x_wconf 83' lang='lat' dir='ltr'>Mutuum</span> <span class='ocrx_word' id='word_1_210' title='bbox 1005 2474 1081 2545; x_wconf 88' lang='lat' dir='ltr'>indc</span> <span class='ocrx_word' id='word_1_211' title='bbox 1124 2492 1195 2640; x_wconf 82' lang='lat' dir='ltr'>cop.</span> <span class='ocrx_word' id='word_1_212' title='bbox 1208 2474 1375 2565; x_wconf 88' lang='lat' dir='ltr'>peruenit.</span> <span class='ocrx_word' id='word_1_213' title='bbox 1390 2475 1429 2541; x_wconf 84' lang='lat' dir='ltr'>de</span> <span class='ocrx_word' id='word_1_214' title='bbox 1430 2469 1699 2572; x_wconf 78' lang='lat' dir='ltr'>fidejufforibur,</span> <span class='ocrx_word' id='word_1_215' title='bbox 1726 2469 1782 2543; x_wconf 86' lang='lat' dir='ltr'>sed</span> <span class='ocrx_word' id='word_1_216' title='bbox 1798 2481 1897 2547; x_wconf 85' lang='lat' dir='ltr'>etium</span> <span class='ocrx_word' id='word_1_217' title='bbox 1909 2479 1992 2549; x_wconf 88' lang='lat' dir='ltr'>certi</span> 
     </span>
     <span class='ocr_line' id='line_1_22' title="bbox 298 2571 1160 2670; baseline 0.005 -33"><span class='ocrx_word' id='word_1_218' title='bbox 298 2579 371 2637; x_wconf 79' lang='lat' dir='ltr'>utne·</span> <span class='ocrx_word' id='word_1_219' title='bbox 470 2571 608 2655; x_wconf 88' lang='lat' dir='ltr'>dicitur,</span> <span class='ocrx_word' id='word_1_220' title='bbox 634 2576 724 2669; x_wconf 88' lang='lat' dir='ltr'>quod</span> <span class='ocrx_word' id='word_1_221' title='bbox 747 2577 786 2644; x_wconf 88' lang='lat' dir='ltr'>dc</span> <span class='ocrx_word' id='word_1_222' title='bbox 801 2600 868 2647; x_wconf 87' lang='lat' dir='ltr'>mco</span> <span class='ocrx_word' id='word_1_223' title='bbox 881 2574 953 2670; x_wconf 79' lang='lat' dir='ltr'>fiat</span> <span class='ocrx_word' id='word_1_224' title='bbox 968 2586 1078 2665; x_wconf 82' lang='lat' dir='ltr'>tuum,</span> <span class='ocrx_word' id='word_1_225' title='bbox 1124 2593 1160 2641; x_wconf 84' lang='lat' dir='ltr'>ct</span> 
     </span>
     <span class='ocr_line' id='line_1_23' title="bbox 462 2664 1994 2776; baseline 0.003 -35"><span class='ocrx_word' id='word_1_226' title='bbox 462 2668 527 2765; x_wconf 87' lang='lat' dir='ltr'>scd</span> <span class='ocrx_word' id='word_1_227' title='bbox 538 2671 630 2767; x_wconf 76' lang='lat' dir='ltr'>ficut</span> <span class='ocrx_word' id='word_1_228' title='bbox 653 2673 884 2769; x_wconf 64' lang='lat' dir='ltr'>inspuerunt,</span> <span class='ocrx_word' id='word_1_229' title='bbox 904 2677 941 2776; x_wconf 77' lang='lat' dir='ltr'><em>ſs</em></span> <span class='ocrx_word' id='word_1_230' title='bbox 960 2678 1079 2747; x_wconf 77' lang='lat' dir='ltr'>ucndc·</span> <span class='ocrx_word' id='word_1_231' title='bbox 1120 2664 1246 2742; x_wconf 88' lang='lat' dir='ltr'>sortem</span> <span class='ocrx_word' id='word_1_232' title='bbox 1273 2667 1398 2766; x_wconf 80' lang='lat' dir='ltr'>aliquid</span> <span class='ocrx_word' id='word_1_233' title='bbox 1420 2692 1437 2738; x_wconf 82' lang='lat' dir='ltr'>a</span> <span class='ocrx_word' id='word_1_234' title='bbox 1458 2669 1610 2741; x_wconf 85' lang='lat' dir='ltr'>debitore</span> <span class='ocrx_word' id='word_1_235' title='bbox 1631 2667 1730 2742; x_wconf 80' lang='lat' dir='ltr'>licent</span> <span class='ocrx_word' id='word_1_236' title='bbox 1748 2679 1916 2769; x_wconf 82' lang='lat' dir='ltr'>occipere,</span> <span class='ocrx_word' id='word_1_237' title='bbox 1938 2693 1994 2745; x_wconf 80' lang='lat' dir='ltr'>ut·</span> 
     </span>
     <span class='ocr_line' id='line_1_24' title="bbox 471 2768 1991 2870; baseline -0.001 -33"><span class='ocrx_word' id='word_1_238' title='bbox 471 2792 538 2841; x_wconf 84' lang='lat' dir='ltr'>ren</span> <span class='ocrx_word' id='word_1_239' title='bbox 558 2773 619 2842; x_wconf 82' lang='lat' dir='ltr'>tibi</span> <span class='ocrx_word' id='word_1_240' title='bbox 636 2774 691 2858; x_wconf 83' lang='lat' dir='ltr'>id,</span> <span class='ocrx_word' id='word_1_241' title='bbox 713 2776 802 2870; x_wconf 77' lang='lat' dir='ltr'>quod</span> <span class='ocrx_word' id='word_1_242' title='bbox 819 2785 910 2846; x_wconf 76' lang='lat' dir='ltr'>tuom</span> <span class='ocrx_word' id='word_1_243' title='bbox 936 2769 998 2866; x_wconf 68' lang='lat' dir='ltr'>cst,</span> <span class='ocrx_word' id='word_1_244' title='bbox 1028 2774 1076 2847; x_wconf 76' lang='lat' dir='ltr'>itu</span> <span class='ocrx_word' id='word_1_245' title='bbox 1120 2787 1201 2864; x_wconf 92' lang='lat' dir='ltr'>pote</span> <span class='ocrx_word' id='word_1_246' title='bbox 1222 2771 1349 2840; x_wconf 83' lang='lat' dir='ltr'>conob</span> <span class='ocrx_word' id='word_1_247' title='bbox 1373 2772 1476 2843; x_wconf 81' lang='lat' dir='ltr'>dotem</span> <span class='ocrx_word' id='word_1_248' title='bbox 1498 2794 1568 2855; x_wconf 82' lang='lat' dir='ltr'>npn</span> <span class='ocrx_word' id='word_1_249' title='bbox 1578 2768 1727 2864; x_wconf 86' lang='lat' dir='ltr'>solutnn</span> <span class='ocrx_word' id='word_1_250' title='bbox 1742 2795 1763 2840; x_wconf 88' lang='lat' dir='ltr'>o</span> <span class='ocrx_word' id='word_1_251' title='bbox 1773 2770 1896 2866; x_wconf 85' lang='lat' dir='ltr'>succro</span> <span class='ocrx_word' id='word_1_252' title='bbox 1914 2792 1991 2866; x_wconf 73' lang='lat' dir='ltr'>per.</span> 
     </span>
     <span class='ocr_line' id='line_1_25' title="bbox 298 2862 1990 2970; baseline 0.003 -32"><span class='ocrx_word' id='word_1_253' title='bbox 298 2862 355 2959; x_wconf 76' lang='lat' dir='ltr'>usu</span> <span class='ocrx_word' id='word_1_254' title='bbox 371 2871 532 2960; x_wconf 79' lang='lat' dir='ltr'>pecunie,</span> <span class='ocrx_word' id='word_1_255' title='bbox 557 2891 625 2965; x_wconf 84' lang='lat' dir='ltr'>quc</span> <span class='ocrx_word' id='word_1_256' title='bbox 638 2872 713 2969; x_wconf 83' lang='lat' dir='ltr'>jaca</span> <span class='ocrx_word' id='word_1_257' title='bbox 738 2872 876 2944; x_wconf 82' lang='lat' dir='ltr'>asterius</span> <span class='ocrx_word' id='word_1_258' title='bbox 891 2874 990 2970; x_wconf 75' lang='lat' dir='ltr'>satia</span> <span class='ocrx_word' id='word_1_259' title='bbox 1013 2872 1075 2961; x_wconf 67' lang='lat' dir='ltr'>cpi,</span> <span class='ocrx_word' id='word_1_260' title='bbox 1118 2869 1259 2940; x_wconf 80' lang='lat' dir='ltr'>mittitur</span> <span class='ocrx_word' id='word_1_261' title='bbox 1278 2890 1423 2966; x_wconf 86' lang='lat' dir='ltr'>genero,</span> <span class='ocrx_word' id='word_1_262' title='bbox 1457 2878 1494 2939; x_wconf 85' lang='lat' dir='ltr'>ut</span> <span class='ocrx_word' id='word_1_263' title='bbox 1514 2893 1554 2940; x_wconf 85' lang='lat' dir='ltr'>cx</span> <span class='ocrx_word' id='word_1_264' title='bbox 1579 2893 1615 2940; x_wconf 88' lang='lat' dir='ltr'>re</span> <span class='ocrx_word' id='word_1_265' title='bbox 1629 2870 1697 2966; x_wconf 78' lang='lat' dir='ltr'>fibi</span> <span class='ocrx_word' id='word_1_266' title='bbox 1711 2871 1892 2967; x_wconf 80' lang='lat' dir='ltr'>pignorata</span> <span class='ocrx_word' id='word_1_267' title='bbox 1900 2875 1990 2968; x_wconf 72' lang='lat' dir='ltr'>scu·</span> 
     </span>
     <span class='ocr_line' id='line_1_26' title="bbox 298 2965 1987 3070; baseline 0.004 -35"><span class='ocrx_word' id='word_1_268' title='bbox 298 2968 344 3035; x_wconf 85' lang='lat' dir='ltr'>rid</span> <span class='ocrx_word' id='word_1_269' title='bbox 367 2969 517 3058; x_wconf 72' lang='lat' dir='ltr'>exigere,</span> <span class='ocrx_word' id='word_1_270' title='bbox 543 2969 690 3065; x_wconf 77' lang='lat' dir='ltr'>iniquum</span> <span class='ocrx_word' id='word_1_271' title='bbox 715 2969 766 3062; x_wconf 66' lang='lat' dir='ltr'>cil.</span> <span class='ocrx_word' id='word_1_272' title='bbox 815 2967 998 3070; x_wconf 74' lang='lat' dir='ltr'>Responsio</span> <span class='ocrx_word' id='word_1_273' title='bbox 1019 2995 1077 3069; x_wconf 84' lang='lat' dir='ltr'>pu·</span> <span class='ocrx_word' id='word_1_274' title='bbox 1122 2965 1192 3039; x_wconf 71' lang='lat' dir='ltr'>nes</span> <span class='ocrx_word' id='word_1_275' title='bbox 1206 2972 1315 3062; x_wconf 83' lang='lat' dir='ltr'>cupiat</span> <span class='ocrx_word' id='word_1_276' title='bbox 1333 2982 1455 3061; x_wconf 85' lang='lat' dir='ltr'>preter</span> <span class='ocrx_word' id='word_1_277' title='bbox 1466 2967 1612 3062; x_wconf 84' lang='lat' dir='ltr'>sortem,</span> <span class='ocrx_word' id='word_1_278' title='bbox 1640 2965 1692 3039; x_wconf 84' lang='lat' dir='ltr'>uel</span> <span class='ocrx_word' id='word_1_279' title='bbox 1708 2971 1896 3065; x_wconf 80' lang='lat' dir='ltr'>paciscatur</span> <span class='ocrx_word' id='word_1_280' title='bbox 1918 2995 1987 3042; x_wconf 68' lang='lat' dir='ltr'>cer·</span> 
     </span>
     <span class='ocr_line' id='line_1_27' title="bbox 301 3063 1988 3168; baseline 0.005 -35"><span class='ocrx_word' id='word_1_281' title='bbox 301 3087 323 3133; x_wconf 89' lang='lat' dir='ltr'>x</span> <span class='ocrx_word' id='word_1_282' title='bbox 342 3063 451 3142; x_wconf 78' lang='lat' dir='ltr'>dinis.</span> <span class='ocrx_word' id='word_1_283' title='bbox 517 3063 599 3137; x_wconf 87' lang='lat' dir='ltr'>Vsus</span> <span class='ocrx_word' id='word_1_284' title='bbox 619 3076 768 3164; x_wconf 73' lang='lat' dir='ltr'>pecunie</span> <span class='ocrx_word' id='word_1_285' title='bbox 788 3069 912 3168; x_wconf 84' lang='lat' dir='ltr'>duplex</span> <span class='ocrx_word' id='word_1_286' title='bbox 934 3070 998 3158; x_wconf 82' lang='lat' dir='ltr'>eil,</span> <span class='ocrx_word' id='word_1_287' title='bbox 1021 3095 1077 3143; x_wconf 89' lang='lat' dir='ltr'>ne·</span> <span class='ocrx_word' id='word_1_288' title='bbox 1119 3077 1185 3138; x_wconf 85' lang='lat' dir='ltr'>ran</span> <span class='ocrx_word' id='word_1_289' title='bbox 1206 3071 1422 3163; x_wconf 82' lang='lat' dir='ltr'>quantitatem</span> <span class='ocrx_word' id='word_1_290' title='bbox 1430 3066 1499 3165; x_wconf 64' lang='lat' dir='ltr'>sibi</span> <span class='ocrx_word' id='word_1_291' title='bbox 1519 3069 1693 3164; x_wconf 80' lang='lat' dir='ltr'>quotannis</span> <span class='ocrx_word' id='word_1_292' title='bbox 1709 3072 1804 3153; x_wconf 86' lang='lat' dir='ltr'>dari,</span> <span class='ocrx_word' id='word_1_293' title='bbox 1831 3075 1988 3166; x_wconf 80' lang='lat' dir='ltr'>quandiu</span> 
     </span>
     <span class='ocr_line' id='line_1_28' title="bbox 298 3163 1987 3269; baseline 0.005 -35"><span class='ocrx_word' id='word_1_294' title='bbox 298 3165 632 3242; x_wconf 60' lang='lat' dir='ltr'>recoluerimus.</span> <span class='ocrx_word' id='word_1_295' title='bbox 694 3165 902 3241; x_wconf 76' lang='lat' dir='ltr'>Necessariur</span> <span class='ocrx_word' id='word_1_296' title='bbox 925 3174 1074 3269; x_wconf 73' lang='lat' dir='ltr'>pecunie</span> <span class='ocrx_word' id='word_1_297' title='bbox 1119 3170 1179 3238; x_wconf 85' lang='lat' dir='ltr'>dor</span> <span class='ocrx_word' id='word_1_298' title='bbox 1198 3191 1264 3240; x_wconf 84' lang='lat' dir='ltr'>non</span> <span class='ocrx_word' id='word_1_299' title='bbox 1281 3166 1453 3262; x_wconf 82' lang='lat' dir='ltr'>soluitur,</span> <span class='ocrx_word' id='word_1_300' title='bbox 1487 3166 1578 3264; x_wconf 91' lang='lat' dir='ltr'>quod</span> <span class='ocrx_word' id='word_1_301' title='bbox 1610 3163 1795 3263; x_wconf 78' lang='lat' dir='ltr'>adplicatur</span> <span class='ocrx_word' id='word_1_302' title='bbox 1817 3174 1916 3241; x_wconf 77' lang='lat' dir='ltr'>etiarn</span> <span class='ocrx_word' id='word_1_303' title='bbox 1942 3172 1987 3242; x_wconf 82' lang='lat' dir='ltr'>od</span> 
     </span>
     <span class='ocr_line' id='line_1_29' title="bbox 306 3257 2103 3363; baseline 0.006 -30"><span class='ocrx_word' id='word_1_304' title='bbox 306 3257 438 3359; x_wconf 88' lang='lat' dir='ltr'>respicit</span> <span class='ocrx_word' id='word_1_305' title='bbox 458 3287 602 3361; x_wconf 75' lang='lat' dir='ltr'>egenen,</span> <span class='ocrx_word' id='word_1_306' title='bbox 628 3271 691 3363; x_wconf 67' lang='lat' dir='ltr'>qui</span> <span class='ocrx_word' id='word_1_307' title='bbox 717 3273 855 3363; x_wconf 79' lang='lat' dir='ltr'>pecunia</span> <span class='ocrx_word' id='word_1_308' title='bbox 876 3289 994 3341; x_wconf 89' lang='lat' dir='ltr'>mutuo</span> <span class='ocrx_word' id='word_1_309' title='bbox 1013 3267 1073 3339; x_wconf 82' lang='lat' dir='ltr'>libi</span> <span class='ocrx_word' id='word_1_310' title='bbox 1118 3267 1269 3352; x_wconf 84' lang='lat' dir='ltr'>viduant,</span> <span class='ocrx_word' id='word_1_311' title='bbox 1296 3269 1348 3339; x_wconf 88' lang='lat' dir='ltr'>cui</span> <span class='ocrx_word' id='word_1_312' title='bbox 1362 3265 1479 3359; x_wconf 89' lang='lat' dir='ltr'>soluto</span> <span class='ocrx_word' id='word_1_313' title='bbox 1502 3268 1708 3337; x_wconf 82' lang='lat' dir='ltr'>matrimonio</span> <span class='ocrx_word' id='word_1_314' title='bbox 1725 3268 1784 3361; x_wconf 85' lang='lat' dir='ltr'>dot</span> <span class='ocrx_word' id='word_1_315' title='bbox 1802 3292 1871 3340; x_wconf 87' lang='lat' dir='ltr'>non</span> <span class='ocrx_word' id='word_1_316' title='bbox 1886 3269 1986 3358; x_wconf 75' lang='lat' dir='ltr'>resti·</span> <span class='ocrx_word' id='word_1_317' title='bbox 2101 3300 2103 3304; x_wconf 51' lang='lat'><em>⁴</em></span> 
     </span>
     <span class='ocr_line' id='line_1_30' title="bbox 312 3359 1986 3462; baseline 0.008 -32"><span class='ocrx_word' id='word_1_318' title='bbox 312 3380 493 3433; x_wconf 81' lang='lat' dir='ltr'>extremam</span> <span class='ocrx_word' id='word_1_319' title='bbox 519 3359 610 3437; x_wconf 83' lang='lat' dir='ltr'>suom</span> <span class='ocrx_word' id='word_1_320' title='bbox 636 3370 785 3462; x_wconf 82' lang='lat' dir='ltr'>inopium</span> <span class='ocrx_word' id='word_1_321' title='bbox 806 3361 995 3460; x_wconf 77' lang='lat' dir='ltr'>sublevant3</span> <span class='ocrx_word' id='word_1_322' title='bbox 1021 3367 1073 3437; x_wconf 90' lang='lat' dir='ltr'>lu·</span> <span class='ocrx_word' id='word_1_323' title='bbox 1116 3368 1238 3439; x_wconf 84' lang='lat' dir='ltr'>luitur.</span> <span class='ocrx_word' id='word_1_324' title='bbox 1263 3389 1335 3459; x_wconf 80' lang='lat' dir='ltr'>cap.</span> <span class='ocrx_word' id='word_1_325' title='bbox 1346 3365 1534 3458; x_wconf 83' lang='lat' dir='ltr'>salubriter</span> <span class='ocrx_word' id='word_1_326' title='bbox 1557 3363 1587 3434; x_wconf 75' lang='lat' dir='ltr'>&gt;s</span> <span class='ocrx_word' id='word_1_327' title='bbox 1600 3371 1641 3434; x_wconf 83' lang='lat' dir='ltr'>de</span> <span class='ocrx_word' id='word_1_328' title='bbox 1666 3364 1787 3459; x_wconf 85' lang='lat' dir='ltr'>usuris.</span> <span class='ocrx_word' id='word_1_329' title='bbox 1835 3369 1919 3439; x_wconf 87' lang='lat' dir='ltr'>ltern</span> <span class='ocrx_word' id='word_1_330' title='bbox 1941 3373 1986 3442; x_wconf 81' lang='lat' dir='ltr'>ud</span> 
     </span>
     <span class='ocr_line' id='line_1_31' title="bbox 298 3455 2036 3562; baseline 0.005 -33"><span class='ocrx_word' id='word_1_331' title='bbox 298 3481 350 3531; x_wconf 84' lang='lat' dir='ltr'>rus</span> <span class='ocrx_word' id='word_1_332' title='bbox 371 3455 502 3557; x_wconf 90' lang='lat' dir='ltr'>respicit</span> <span class='ocrx_word' id='word_1_333' title='bbox 523 3460 681 3547; x_wconf 86' lang='lat' dir='ltr'>ditiores,</span> <span class='ocrx_word' id='word_1_334' title='bbox 715 3467 771 3559; x_wconf 89' lang='lat' dir='ltr'>qni</span> <span class='ocrx_word' id='word_1_335' title='bbox 792 3469 929 3559; x_wconf 83' lang='lat' dir='ltr'>pecunie</span> <span class='ocrx_word' id='word_1_336' title='bbox 950 3482 1072 3536; x_wconf 85' lang='lat' dir='ltr'>mutuo</span> <span class='ocrx_word' id='word_1_337' title='bbox 1117 3466 1411 3557; x_wconf 82' lang='lat' dir='ltr'>doninumscudi,</span> <span class='ocrx_word' id='word_1_338' title='bbox 1438 3464 1707 3558; x_wconf 82' lang='lat' dir='ltr'>tuircrfcndosir</span> <span class='ocrx_word' id='word_1_339' title='bbox 1724 3467 1846 3534; x_wconf 83' lang='lat' dir='ltr'>utendo</span> <span class='ocrx_word' id='word_1_340' title='bbox 1858 3468 1986 3562; x_wconf 79' lang='lat' dir='ltr'>scurn-</span> <span class='ocrx_word' id='word_1_341' title='bbox 2033 3552 2036 3557; x_wconf 20' lang='grc' dir='ltr'>Ι</span> 
     </span>
     <span class='ocr_line' id='line_1_32' title="bbox 298 3556 2118 3661; baseline 0.008 -35"><span class='ocrx_word' id='word_1_342' title='bbox 298 3574 339 3631; x_wconf 80' lang='lat' dir='ltr'>rto</span> <span class='ocrx_word' id='word_1_343' title='bbox 373 3563 586 3658; x_wconf 82' lang='lat' dir='ltr'>negotiantur</span> <span class='ocrx_word' id='word_1_344' title='bbox 615 3569 649 3636; x_wconf 78' lang='lat' dir='ltr'>rit</span> <span class='ocrx_word' id='word_1_345' title='bbox 679 3560 866 3651; x_wconf 81' lang='lat' dir='ltr'>lucrantur,</span> <span class='ocrx_word' id='word_1_346' title='bbox 905 3589 923 3635; x_wconf 79' lang='lat' dir='ltr'>a</span> <span class='ocrx_word' id='word_1_347' title='bbox 954 3561 1070 3661; x_wconf 74' lang='lat' dir='ltr'>quibus</span> <span class='ocrx_word' id='word_1_348' title='bbox 1120 3564 1163 3632; x_wconf 88' lang='lat' dir='ltr'>do</span> <span class='ocrx_word' id='word_1_349' title='bbox 1183 3565 1261 3633; x_wconf 86' lang='lat' dir='ltr'>data</span> <span class='ocrx_word' id='word_1_350' title='bbox 1291 3562 1330 3650; x_wconf 65' lang='lat' dir='ltr'>cti</span> <span class='ocrx_word' id='word_1_351' title='bbox 1350 3563 1500 3649; x_wconf 84' lang='lat' dir='ltr'>interim,</span> <span class='ocrx_word' id='word_1_352' title='bbox 1526 3556 1610 3631; x_wconf 79' lang='lat' dir='ltr'>&#39;dun</span> <span class='ocrx_word' id='word_1_353' title='bbox 1620 3563 1692 3658; x_wconf 86' lang='lat' dir='ltr'>suo</span> <span class='ocrx_word' id='word_1_354' title='bbox 1711 3565 1851 3655; x_wconf 77' lang='lat' dir='ltr'>pecnnia</span> <span class='ocrx_word' id='word_1_355' title='bbox 1875 3570 1982 3644; x_wconf 62' lang='lat' dir='ltr'>doreti</span> <span class='ocrx_word' id='word_1_356' title='bbox 2115 3584 2118 3591; x_wconf 89' lang='lat'>&#39;</span> 
     </span>
     <span class='ocr_line' id='line_1_33' title="bbox 437 3650 1981 3760; baseline 0.006 -33"><span class='ocrx_word' id='word_1_357' title='bbox 437 3669 587 3754; x_wconf 82' lang='lat' dir='ltr'>&#39;purtem</span> <span class='ocrx_word' id='word_1_358' title='bbox 621 3662 703 3732; x_wconf 88' lang='lat' dir='ltr'>lucri</span> <span class='ocrx_word' id='word_1_359' title='bbox 734 3667 884 3758; x_wconf 87' lang='lat' dir='ltr'>recipere</span> <span class='ocrx_word' id='word_1_360' title='bbox 917 3668 1069 3756; x_wconf 78' lang='lat' dir='ltr'>iniquum</span> <span class='ocrx_word' id='word_1_361' title='bbox 1112 3676 1184 3755; x_wconf 85' lang='lat' dir='ltr'>cop.</span> <span class='ocrx_word' id='word_1_362' title='bbox 1206 3661 1405 3760; x_wconf 75' lang='lat' dir='ltr'>conquestus</span> <span class='ocrx_word' id='word_1_363' title='bbox 1433 3664 1473 3730; x_wconf 86' lang='lat' dir='ltr'>cic</span> <span class='ocrx_word' id='word_1_364' title='bbox 1497 3650 1627 3755; x_wconf 86' lang='lat' dir='ltr'>usuris,</span> <span class='ocrx_word' id='word_1_365' title='bbox 1652 3658 1709 3729; x_wconf 88' lang='lat' dir='ltr'>nbi</span> <span class='ocrx_word' id='word_1_366' title='bbox 1738 3659 1867 3756; x_wconf 78' lang='lat' dir='ltr'>aliquot</span> <span class='ocrx_word' id='word_1_367' title='bbox 1892 3661 1981 3740; x_wconf 75' lang='lat' dir='ltr'>ca&#39;sut</span> 
     </span>
     <span class='ocr_line' id='line_1_34' title="bbox 298 3754 2068 3860; baseline -0.001 -31"><span class='ocrx_word' id='word_1_368' title='bbox 298 3778 424 3839; x_wconf 67' lang='lat' dir='ltr'>enon.</span> <span class='ocrx_word' id='word_1_369' title='bbox 455 3781 526 3830; x_wconf 92' lang='lat' dir='ltr'>non</span> <span class='ocrx_word' id='word_1_370' title='bbox 548 3757 593 3830; x_wconf 90' lang='lat' dir='ltr'>ell</span> <span class='ocrx_word' id='word_1_371' title='bbox 619 3755 832 3834; x_wconf 84' lang='lat' dir='ltr'>censendum.</span> <span class='ocrx_word' id='word_1_372' title='bbox 883 3768 931 3860; x_wconf 87' lang='lat' dir='ltr'>g.)</span> <span class='ocrx_word' id='word_1_373' title='bbox 959 3768 1068 3854; x_wconf 78' lang='lat' dir='ltr'>Expc·</span> <span class='ocrx_word' id='word_1_374' title='bbox 1111 3755 1262 3832; x_wconf 82' lang='lat' dir='ltr'>recenset</span> <span class='ocrx_word' id='word_1_375' title='bbox 1277 3756 1404 3858; x_wconf 84' lang='lat' dir='ltr'>glossa,</span> <span class='ocrx_word' id='word_1_376' title='bbox 1430 3763 1464 3830; x_wconf 90' lang='lat' dir='ltr'>in</span> <span class='ocrx_word' id='word_1_377' title='bbox 1478 3759 1596 3857; x_wconf 77' lang='lat' dir='ltr'>quibui</span> <span class='ocrx_word' id='word_1_378' title='bbox 1615 3775 1788 3855; x_wconf 82' lang='lat' dir='ltr'>occeptum</span> <span class='ocrx_word' id='word_1_379' title='bbox 1801 3754 1980 3857; x_wconf 80' lang='lat' dir='ltr'>suprascr.</span> <span class='ocrx_word' id='word_1_380' title='bbox 2066 3848 2068 3855; x_wconf 14' lang='lat' dir='ltr'>y</span> 
     </span>
     <span class='ocr_line' id='line_1_35' title="bbox 298 3853 1978 3960; baseline 0.002 -31"><span class='ocrx_word' id='word_1_381' title='bbox 298 3876 405 3938; x_wconf 77' lang='lat' dir='ltr'>crepe·</span> <span class='ocrx_word' id='word_1_382' title='bbox 453 3862 570 3931; x_wconf 82' lang='lat' dir='ltr'>rientio</span> <span class='ocrx_word' id='word_1_383' title='bbox 595 3865 804 3953; x_wconf 81' lang='lat' dir='ltr'>comprobat,</span> <span class='ocrx_word' id='word_1_384' title='bbox 838 3865 977 3960; x_wconf 72' lang='lat' dir='ltr'>censsbur</span> <span class='ocrx_word' id='word_1_385' title='bbox 996 3857 1070 3933; x_wconf 84' lang='lat' dir='ltr'>‘illis</span> <span class='ocrx_word' id='word_1_386' title='bbox 1111 3874 1179 3929; x_wconf 83' lang='lat' dir='ltr'>tent</span> <span class='ocrx_word' id='word_1_387' title='bbox 1203 3880 1273 3930; x_wconf 93' lang='lat' dir='ltr'>non</span> <span class='ocrx_word' id='word_1_388' title='bbox 1295 3853 1393 3955; x_wconf 76' lang='lat' dir='ltr'>possit</span> <span class='ocrx_word' id='word_1_389' title='bbox 1420 3862 1591 3930; x_wconf 87' lang='lat' dir='ltr'>nominari</span> <span class='ocrx_word' id='word_1_390' title='bbox 1618 3854 1733 3928; x_wconf 66' lang='lat' dir='ltr'>usura}</span> <span class='ocrx_word' id='word_1_391' title='bbox 1774 3862 1820 3946; x_wconf 80' lang='lat' dir='ltr'>r.)</span> <span class='ocrx_word' id='word_1_392' title='bbox 1846 3865 1884 3933; x_wconf 89' lang='lat' dir='ltr'>Si</span> <span class='ocrx_word' id='word_1_393' title='bbox 1898 3866 1978 3960; x_wconf 77' lang='lat' dir='ltr'>feu·</span> 
     </span>
    </p>
   </div>
   <div class='ocr_carea' id='block_1_4' title="bbox 1177 2570 2134 2671">
    <p class='ocr_par' dir='ltr' id='par_1_4' title="bbox 1177 2570 2134 2671">
     <span class='ocr_line' id='line_1_36' title="bbox 1177 2570 2134 2671; baseline 0.007 -31"><span class='ocrx_word' id='word_1_394' title='bbox 1177 2595 1213 2641; x_wconf 83' lang='lat' dir='ltr'>ue</span> <span class='ocrx_word' id='word_1_395' title='bbox 1234 2590 1489 2669; x_wconf 88' lang='lat' dir='ltr'>proponuntur,</span> <span class='ocrx_word' id='word_1_396' title='bbox 1516 2576 1550 2641; x_wconf 93' lang='lat' dir='ltr'>in</span> <span class='ocrx_word' id='word_1_397' title='bbox 1573 2571 1691 2669; x_wconf 82' lang='lat' dir='ltr'>quibus</span> <span class='ocrx_word' id='word_1_398' title='bbox 1712 2570 1796 2642; x_wconf 84' lang='lat' dir='ltr'>ultro</span> <span class='ocrx_word' id='word_1_399' title='bbox 1815 2581 1848 2646; x_wconf 86' lang='lat' dir='ltr'>dr</span> <span class='ocrx_word' id='word_1_400' title='bbox 1873 2595 1996 2671; x_wconf 66' lang='lat' dir='ltr'>proter</span> <span class='ocrx_word' id='word_1_401' title='bbox 2038 2585 2043 2596; x_wconf 97' lang='grc'><strong><em>’</em></strong></span> <span class='ocrx_word' id='word_1_402' title='bbox 2123 2570 2134 2577; x_wconf 65' lang='grc'><strong>”</strong></span> 
     </span>
    </p>
   </div>
   <div class='ocr_carea' id='block_1_5' title="bbox 298 3937 2228 4057">
    <p class='ocr_par' dir='ltr' id='par_1_5' title="bbox 298 3937 2228 4057">
     <span class='ocr_line' id='line_1_37' title="bbox 298 3937 2228 4057; baseline 0.009 -30"><span class='ocrx_word' id='word_1_403' title='bbox 298 3937 404 4021; x_wconf 73' lang='lat' dir='ltr'>⁰”s“⁸·</span> <span class='ocrx_word' id='word_1_404' title='bbox 451 3962 572 4031; x_wconf 81' lang='lat' dir='ltr'>annuis</span> <span class='ocrx_word' id='word_1_405' title='bbox 598 3965 757 4033; x_wconf 75' lang='lat' dir='ltr'>nclitum</span> <span class='ocrx_word' id='word_1_406' title='bbox 777 3959 964 4047; x_wconf 77' lang='lat' dir='ltr'>exhauriri,</span> <span class='ocrx_word' id='word_1_407' title='bbox 999 3981 1064 4031; x_wconf 87' lang='lat' dir='ltr'>cre.</span> <span class='ocrx_word' id='word_1_408' title='bbox 1109 3960 1204 4052; x_wconf 71' lang='lat' dir='ltr'>dun,</span> <span class='ocrx_word' id='word_1_409' title='bbox 1232 3962 1271 4029; x_wconf 84' lang='lat' dir='ltr'>dc</span> <span class='ocrx_word' id='word_1_410' title='bbox 1289 3958 1663 4055; x_wconf 16' lang='lat' dir='ltr'>qno-fruiiuspcrcepti</span> <span class='ocrx_word' id='word_1_411' title='bbox 1674 3955 1845 4057; x_wconf 71' lang='lat' dir='ltr'>suntpflt</span> <span class='ocrx_word' id='word_1_412' title='bbox 1865 3983 1978 4037; x_wconf 82' lang='lat' dir='ltr'>monu-</span> <span class='ocrx_word' id='word_1_413' title='bbox 2122 3995 2126 4002; x_wconf 91' lang='lat'>·</span> <span class='ocrx_word' id='word_1_414' title='bbox 2223 3962 2228 3979; x_wconf 81' lang='grc'>’</span> 
     </span>
    </p>
   </div>
   <div class='ocr_carea' id='block_1_6' title="bbox 451 4056 1977 4255">
    <p class='ocr_par' dir='ltr' id='par_1_6' title="bbox 451 4056 1977 4255">
     <span class='ocr_line' id='line_1_38' title="bbox 451 4056 1977 4155; baseline 0.004 -26"><span class='ocrx_word' id='word_1_415' title='bbox 451 4061 574 4130; x_wconf 85' lang='lat' dir='ltr'>ditores</span> <span class='ocrx_word' id='word_1_416' title='bbox 613 4074 686 4132; x_wconf 86' lang='lat' dir='ltr'>uero</span> <span class='ocrx_word' id='word_1_417' title='bbox 726 4057 943 4153; x_wconf 82' lang='lat' dir='ltr'>locupletari,</span> <span class='ocrx_word' id='word_1_418' title='bbox 980 4071 1067 4134; x_wconf 84' lang='lat' dir='ltr'>ortcr</span> <span class='ocrx_word' id='word_1_419' title='bbox 1096 4056 1209 4150; x_wconf 80' lang='lat' dir='ltr'>sterit,</span> <span class='ocrx_word' id='word_1_420' title='bbox 1235 4070 1294 4130; x_wconf 91' lang='lat' dir='ltr'>out</span> <span class='ocrx_word' id='word_1_421' title='bbox 1315 4059 1453 4155; x_wconf 75' lang='lat' dir='ltr'>ecclcjie.</span> <span class='ocrx_word' id='word_1_422' title='bbox 1507 4060 1560 4149; x_wconf 65' lang='grc' dir='ltr'>ι.)</span> <span class='ocrx_word' id='word_1_423' title='bbox 1583 4060 1622 4131; x_wconf 83' lang='lat' dir='ltr'>Si</span> <span class='ocrx_word' id='word_1_424' title='bbox 1638 4059 1794 4150; x_wconf 79' lang='lat' dir='ltr'>predium</span> <span class='ocrx_word' id='word_1_425' title='bbox 1813 4056 1977 4134; x_wconf 77' lang='lat' dir='ltr'>uenditum</span> 
     </span>
     <span class='ocr_line' id='line_1_39' title="bbox 457 4151 1975 4255; baseline 0.005 -27"><span class='ocrx_word' id='word_1_426' title='bbox 457 4161 550 4229; x_wconf 84' lang='lat' dir='ltr'>ctiam</span> <span class='ocrx_word' id='word_1_427' title='bbox 568 4158 711 4249; x_wconf 67' lang='lat' dir='ltr'>donadac</span> <span class='ocrx_word' id='word_1_428' title='bbox 729 4185 764 4230; x_wconf 86' lang='lat' dir='ltr'>uc</span> <span class='ocrx_word' id='word_1_429' title='bbox 783 4163 854 4232; x_wconf 79' lang='lat' dir='ltr'>vite</span> <span class='ocrx_word' id='word_1_430' title='bbox 872 4157 1062 4255; x_wconf 80' lang='lat' dir='ltr'>neceffart&#39;ar</span> <span class='ocrx_word' id='word_1_431' title='bbox 1108 4156 1153 4253; x_wconf 74' lang='lat' dir='ltr'>est</span> <span class='ocrx_word' id='word_1_432' title='bbox 1179 4160 1223 4248; x_wconf 58' lang='lat' dir='ltr'>eff</span> <span class='ocrx_word' id='word_1_433' title='bbox 1245 4163 1403 4229; x_wconf 84' lang='lat' dir='ltr'>traditum</span> <span class='ocrx_word' id='word_1_434' title='bbox 1431 4160 1575 4237; x_wconf 76' lang='lat' dir='ltr'>nondum</span> <span class='ocrx_word' id='word_1_435' title='bbox 1599 4151 1691 4246; x_wconf 73' lang='lat' dir='ltr'>festu</span> <span class='ocrx_word' id='word_1_436' title='bbox 1703 4157 1898 4250; x_wconf 82' lang='lat' dir='ltr'>solutione,</span> <span class='ocrx_word' id='word_1_437' title='bbox 1930 4165 1975 4235; x_wconf 85' lang='lat' dir='ltr'>idi</span> 
     </span>
    </p>
   </div>
   <div class='ocr_carea' id='block_1_7' title="bbox 298 4246 2147 4366">
    <p class='ocr_par' dir='ltr' id='par_1_7' title="bbox 298 4246 2214 4366">
     <span class='ocr_line' id='line_1_40' title="bbox 298 4246 2147 4366; baseline 0.005 -42"><span class='ocrx_word' id='word_1_438' title='bbox 298 4256 344 4354; x_wconf 70' lang='lat'>35,</span> <span class='ocrx_word' id='word_1_439' title='bbox 368 4250 417 4327; x_wconf 50' lang='grc' dir='ltr'>Εἴ</span> <span class='ocrx_word' id='word_1_440' title='bbox 432 4246 516 4330; x_wconf 79' lang='lat' dir='ltr'>bunc</span> <span class='ocrx_word' id='word_1_441' title='bbox 532 4264 657 4330; x_wconf 88' lang='lat' dir='ltr'>modum</span> <span class='ocrx_word' id='word_1_442' title='bbox 679 4273 830 4354; x_wconf 86' lang='lat' dir='ltr'>tanquam</span> <span class='ocrx_word' id='word_1_443' title='bbox 851 4265 1000 4332; x_wconf 86' lang='lat' dir='ltr'>tutiorcn</span> <span class='ocrx_word' id='word_1_444' title='bbox 1024 4276 1062 4332; x_wconf 85' lang='lat' dir='ltr'>et</span> <span class='ocrx_word' id='word_1_445' title='bbox 1108 4262 1193 4330; x_wconf 84' lang='lat' dir='ltr'>eninr</span> <span class='ocrx_word' id='word_1_446' title='bbox 1201 4257 1340 4355; x_wconf 72' lang='lat' dir='ltr'>scotto</span> <span class='ocrx_word' id='word_1_447' title='bbox 1356 4258 1502 4351; x_wconf 84' lang='lat' dir='ltr'>percepti</span> <span class='ocrx_word' id='word_1_448' title='bbox 1520 4278 1588 4328; x_wconf 91' lang='lat' dir='ltr'>non</span> <span class='ocrx_word' id='word_1_449' title='bbox 1605 4265 1833 4349; x_wconf 83' lang='lat' dir='ltr'>conputantur</span> <span class='ocrx_word' id='word_1_450' title='bbox 1851 4263 1884 4330; x_wconf 87' lang='lat' dir='ltr'>in</span> <span class='ocrx_word' id='word_1_451' title='bbox 1892 4261 1987 4356; x_wconf 29' lang='lat' dir='ltr'>sor-¹</span> <span class='ocrx_word' id='word_1_452' title='bbox 2089 4322 2091 4326; x_wconf 93' lang='lat'>.</span> <span class='ocrx_word' id='word_1_453' title='bbox 2125 4273 2147 4366; x_wconf 58' lang='lat' dir='ltr'><em>J</em></span> 
     </span>
    </p>
   </div>
   <div class='ocr_carea' id='block_1_8' title="bbox 298 4353 2163 5155">
    <p class='ocr_par' dir='ltr' id='par_1_8' title="bbox 298 4353 2163 5155">
     <span class='ocr_line' id='line_1_41' title="bbox 298 4353 2001 4456; baseline 0.002 -30"><span class='ocrx_word' id='word_1_454' title='bbox 298 4376 399 4447; x_wconf 77' lang='lat' dir='ltr'>rrccn,</span> <span class='ocrx_word' id='word_1_455' title='bbox 423 4383 488 4450; x_wconf 89' lang='lat' dir='ltr'>quo</span> <span class='ocrx_word' id='word_1_456' title='bbox 512 4361 631 4430; x_wconf 79' lang='lat' dir='ltr'>divitie</span> <span class='ocrx_word' id='word_1_457' title='bbox 648 4373 828 4451; x_wconf 81' lang='lat' dir='ltr'>parentur,</span> <span class='ocrx_word' id='word_1_458' title='bbox 854 4361 987 4456; x_wconf 87' lang='lat' dir='ltr'>reliquis</span> <span class='ocrx_word' id='word_1_459' title='bbox 1010 4364 1060 4430; x_wconf 74' lang='lat' dir='ltr'>lu-</span> <span class='ocrx_word' id='word_1_460' title='bbox 1105 4363 1179 4430; x_wconf 78' lang='lat' dir='ltr'>tren.</span> <span class='ocrx_word' id='word_1_461' title='bbox 1233 4358 1288 4448; x_wconf 78' lang='lat'>3.)</span> <span class='ocrx_word' id='word_1_462' title='bbox 1312 4366 1441 4431; x_wconf 83' lang='lat' dir='ltr'>Damno</span> <span class='ocrx_word' id='word_1_463' title='bbox 1463 4358 1570 4427; x_wconf 87' lang='lat' dir='ltr'>ornnio</span> <span class='ocrx_word' id='word_1_464' title='bbox 1590 4354 1624 4426; x_wconf 88' lang='lat' dir='ltr'>in</span> <span class='ocrx_word' id='word_1_465' title='bbox 1647 4353 1866 4456; x_wconf 25' lang='lat' dir='ltr'>rorrtro‘iiiltur</span> <span class='ocrx_word' id='word_1_466' title='bbox 1886 4364 2001 4439; x_wconf 22' lang='lat' dir='ltr'>done*</span> 
     </span>
     <span class='ocr_line' id='line_1_42' title="bbox 298 4453 1973 4557; baseline -0.002 -30"><span class='ocrx_word' id='word_1_467' title='bbox 298 4453 333 4527; x_wconf 85' lang='lat' dir='ltr'>ss</span> <span class='ocrx_word' id='word_1_468' title='bbox 347 4458 526 4548; x_wconf 74' lang='lat' dir='ltr'>preferri,</span> <span class='ocrx_word' id='word_1_469' title='bbox 553 4482 590 4526; x_wconf 85' lang='lat' dir='ltr'>cx</span> <span class='ocrx_word' id='word_1_470' title='bbox 617 4484 679 4554; x_wconf 87' lang='lat' dir='ltr'>quo</span> <span class='ocrx_word' id='word_1_471' title='bbox 707 4460 885 4552; x_wconf 78' lang='lat' dir='ltr'>reipublice</span> <span class='ocrx_word' id='word_1_472' title='bbox 906 4483 1058 4557; x_wconf 81' lang='lat' dir='ltr'>inagnum</span> <span class='ocrx_word' id='word_1_473' title='bbox 1095 4456 1185 4553; x_wconf 85' lang='lat' dir='ltr'>fidei</span> <span class='ocrx_word' id='word_1_474' title='bbox 1197 4456 1374 4553; x_wconf 83' lang='lat' dir='ltr'>prescrticn</span> <span class='ocrx_word' id='word_1_475' title='bbox 1394 4479 1435 4526; x_wconf 84' lang='lat' dir='ltr'>cn</span> <span class='ocrx_word' id='word_1_476' title='bbox 1458 4476 1550 4527; x_wconf 86' lang='lat' dir='ltr'>cnoro</span> <span class='ocrx_word' id='word_1_477' title='bbox 1574 4457 1815 4527; x_wconf 79' lang='lat' dir='ltr'>interveniente.</span> <span class='ocrx_word' id='word_1_478' title='bbox 1864 4464 1916 4546; x_wconf 70' lang='grc'>4,)</span> <span class='ocrx_word' id='word_1_479' title='bbox 1933 4471 1973 4535; x_wconf 70' lang='lat' dir='ltr'>ln</span> 
     </span>
     <span class='ocr_line' id='line_1_43' title="bbox 298 4554 1974 4654; baseline 0.001 -28"><span class='ocrx_word' id='word_1_480' title='bbox 298 4563 336 4645; x_wconf 77' lang='lat' dir='ltr'>ret</span> <span class='ocrx_word' id='word_1_481' title='bbox 359 4556 600 4629; x_wconf 80' lang='lat' dir='ltr'>incommodum.</span> <span class='ocrx_word' id='word_1_482' title='bbox 659 4554 754 4653; x_wconf 56' lang='lat' dir='ltr'>lle-sp.</span> <span class='ocrx_word' id='word_1_483' title='bbox 776 4554 888 4639; x_wconf 79' lang='lat' dir='ltr'>abusus</span> <span class='ocrx_word' id='word_1_484' title='bbox 906 4559 1059 4630; x_wconf 79' lang='lat' dir='ltr'>acciden-</span> <span class='ocrx_word' id='word_1_485' title='bbox 1108 4554 1277 4632; x_wconf 77' lang='lat' dir='ltr'>contrasiu</span> <span class='ocrx_word' id='word_1_486' title='bbox 1297 4558 1524 4640; x_wconf 83' lang='lat' dir='ltr'>redemtionis,</span> <span class='ocrx_word' id='word_1_487' title='bbox 1549 4557 1605 4625; x_wconf 84' lang='lat' dir='ltr'>ubi</span> <span class='ocrx_word' id='word_1_488' title='bbox 1619 4556 1974 4654; x_wconf 82' lang='lat' dir='ltr'>tnenrlucrntorfrn.</span> 
     </span>
     <span class='ocr_line' id='line_1_44' title="bbox 319 4646 1972 4754; baseline 0.005 -32"><span class='ocrx_word' id='word_1_489' title='bbox 319 4646 447 4749; x_wconf 79' lang='lat' dir='ltr'>abipso</span> <span class='ocrx_word' id='word_1_490' title='bbox 468 4655 690 4726; x_wconf 69' lang='lat' dir='ltr'>contractura</span> <span class='ocrx_word' id='word_1_491' title='bbox 713 4655 744 4729; x_wconf 87' lang='lat' dir='ltr'>se</span> <span class='ocrx_word' id='word_1_492' title='bbox 767 4682 804 4727; x_wconf 86' lang='lat' dir='ltr'>ac</span> <span class='ocrx_word' id='word_1_493' title='bbox 827 4681 887 4753; x_wconf 88' lang='lat' dir='ltr'>per</span> <span class='ocrx_word' id='word_1_494' title='bbox 907 4653 938 4726; x_wconf 78' lang='lat' dir='ltr'>sc·</span> <span class='ocrx_word' id='word_1_495' title='bbox 963 4656 1057 4729; x_wconf 86' lang='lat' dir='ltr'>licito</span> <span class='ocrx_word' id='word_1_496' title='bbox 1106 4654 1187 4735; x_wconf 76' lang='lat' dir='ltr'>tius.</span> <span class='ocrx_word' id='word_1_497' title='bbox 1252 4656 1307 4749; x_wconf 78' lang='grc' dir='ltr'>ς.)</span> <span class='ocrx_word' id='word_1_498' title='bbox 1335 4656 1377 4732; x_wconf 89' lang='lat' dir='ltr'><em>V</em></span> <span class='ocrx_word' id='word_1_499' title='bbox 1377 4657 1415 4734; x_wconf 81' lang='lat' dir='ltr'>bi,</span> <span class='ocrx_word' id='word_1_500' title='bbox 1433 4657 1575 4751; x_wconf 83' lang='lat' dir='ltr'>peronio</span> <span class='ocrx_word' id='word_1_501' title='bbox 1602 4657 1707 4724; x_wconf 85' lang='lat' dir='ltr'>datur</span> <span class='ocrx_word' id='word_1_502' title='bbox 1733 4655 1777 4723; x_wconf 88' lang='lat' dir='ltr'>od</span> <span class='ocrx_word' id='word_1_503' title='bbox 1798 4676 1972 4754; x_wconf 64' lang='lat' dir='ltr'>ponpam,</span> 
     </span>
     <span class='ocr_line' id='line_1_45' title="bbox 298 4748 2031 4854; baseline 0.008 -32"><span class='ocrx_word' id='word_1_504' title='bbox 298 4753 524 4848; x_wconf 76' lang='lat' dir='ltr'>guendnsesl,</span> <span class='ocrx_word' id='word_1_505' title='bbox 551 4750 694 4825; x_wconf 80' lang='lat' dir='ltr'>usuraria</span> <span class='ocrx_word' id='word_1_506' title='bbox 713 4760 851 4851; x_wconf 83' lang='lat' dir='ltr'>pravitas</span> <span class='ocrx_word' id='word_1_507' title='bbox 875 4755 1058 4827; x_wconf 73' lang='lat' dir='ltr'>conranni</span> <span class='ocrx_word' id='word_1_508' title='bbox 1105 4753 1213 4854; x_wconf 84' lang='lat' dir='ltr'>potest</span> <span class='ocrx_word' id='word_1_509' title='bbox 1235 4755 1336 4850; x_wconf 85' lang='lat' dir='ltr'>recipi</span> <span class='ocrx_word' id='word_1_510' title='bbox 1358 4776 1484 4829; x_wconf 87' lang='lat' dir='ltr'>rnrrccr.</span> <span class='ocrx_word' id='word_1_511' title='bbox 1537 4749 1588 4849; x_wconf 80' lang='grc'>6,)</span> <span class='ocrx_word' id='word_1_512' title='bbox 1618 4752 1689 4828; x_wconf 85' lang='lat' dir='ltr'>Vbi</span> <span class='ocrx_word' id='word_1_513' title='bbox 1708 4756 1889 4845; x_wconf 78' lang='lat' dir='ltr'>adponitur</span> <span class='ocrx_word' id='word_1_514' title='bbox 1910 4765 1973 4835; x_wconf 83' lang='lat' dir='ltr'>dli·</span> <span class='ocrx_word' id='word_1_515' title='bbox 2013 4748 2031 4768; x_wconf 55' lang='lat'>⁸</span> 
     </span>
     <span class='ocr_line' id='line_1_46' title="bbox 298 4849 1975 4954; baseline 0.009 -33"><span class='ocrx_word' id='word_1_516' title='bbox 298 4873 363 4921; x_wconf 81' lang='lat' dir='ltr'>eos</span> <span class='ocrx_word' id='word_1_517' title='bbox 382 4874 451 4922; x_wconf 91' lang='lat' dir='ltr'>non</span> <span class='ocrx_word' id='word_1_518' title='bbox 476 4856 561 4926; x_wconf 86' lang='lat' dir='ltr'>tollit</span> <span class='ocrx_word' id='word_1_519' title='bbox 579 4853 675 4949; x_wconf 72' lang='lat' dir='ltr'>ipsius</span> <span class='ocrx_word' id='word_1_520' title='bbox 696 4855 882 4926; x_wconf 76' lang='lat' dir='ltr'>contradus</span> <span class='ocrx_word' id='word_1_521' title='bbox 901 4852 1057 4950; x_wconf 84' lang='lat' dir='ltr'>jullitiom</span> <span class='ocrx_word' id='word_1_522' title='bbox 1108 4861 1190 4954; x_wconf 80' lang='lat' dir='ltr'>qnid</span> <span class='ocrx_word' id='word_1_523' title='bbox 1207 4857 1341 4928; x_wconf 87' lang='lat' dir='ltr'>nominc</span> <span class='ocrx_word' id='word_1_524' title='bbox 1354 4874 1471 4950; x_wconf 80' lang='lat' dir='ltr'>pene,</span> <span class='ocrx_word' id='word_1_525' title='bbox 1495 4849 1598 4946; x_wconf 71' lang='lat' dir='ltr'>potcli</span> <span class='ocrx_word' id='word_1_526' title='bbox 1612 4854 1714 4946; x_wconf 88' lang='lat' dir='ltr'>recipi</span> <span class='ocrx_word' id='word_1_527' title='bbox 1727 4875 1822 4943; x_wconf 86' lang='lat' dir='ltr'>pena</span> <span class='ocrx_word' id='word_1_528' title='bbox 1835 4861 1975 4936; x_wconf 82' lang='lat' dir='ltr'>conuen-</span> 
     </span>
     <span class='ocr_line' id='line_1_47' title="bbox 298 4949 2163 5055; baseline 0.009 -35"><span class='ocrx_word' id='word_1_529' title='bbox 298 4954 441 5026; x_wconf 79' lang='lat' dir='ltr'>uitatem.</span> <span class='ocrx_word' id='word_1_530' title='bbox 491 4956 525 5025; x_wconf 88' lang='lat' dir='ltr'>Si</span> <span class='ocrx_word' id='word_1_531' title='bbox 549 4949 766 5025; x_wconf 83' lang='lat' dir='ltr'>observentur</span> <span class='ocrx_word' id='word_1_532' title='bbox 788 4955 998 5028; x_wconf 81' lang='lat' dir='ltr'>conditiones</span> <span class='ocrx_word' id='word_1_533' title='bbox 1010 4953 1062 5026; x_wconf 89' lang='lat' dir='ltr'>su·</span> <span class='ocrx_word' id='word_1_534' title='bbox 1102 4953 1316 5055; x_wconf 67' lang='lat' dir='ltr'>tinnulirpinc</span> <span class='ocrx_word' id='word_1_535' title='bbox 1327 4956 1475 5049; x_wconf 84' lang='lat' dir='ltr'>periculo</span> <span class='ocrx_word' id='word_1_536' title='bbox 1498 4951 1696 5045; x_wconf 79' lang='lat' dir='ltr'>conscientie</span> <span class='ocrx_word' id='word_1_537' title='bbox 1713 4949 1759 5026; x_wconf 65' lang='lat'>&amp;⁹</span> <span class='ocrx_word' id='word_1_538' title='bbox 1772 4951 1844 5050; x_wconf 75' lang='lat' dir='ltr'>fine</span> <span class='ocrx_word' id='word_1_539' title='bbox 1857 4978 1968 5053; x_wconf 82' lang='lat' dir='ltr'>pecco·</span> <span class='ocrx_word' id='word_1_540' title='bbox 2156 5042 2163 5049; x_wconf 58' lang='grc'>,</span> 
     </span>
     <span class='ocr_line' id='line_1_48' title="bbox 436 5065 2132 5155; baseline 0.002 -26"><span class='ocrx_word' id='word_1_541' title='bbox 436 5072 438 5077; x_wconf 93' lang='grc'><strong><em>·</em></strong></span> <span class='ocrx_word' id='word_1_542' title='bbox 810 5073 814 5081; x_wconf 84' lang='lat'>·</span> <span class='ocrx_word' id='word_1_543' title='bbox 1132 5082 1134 5087; x_wconf 95' lang='lat'>·</span> <span class='ocrx_word' id='word_1_544' title='bbox 1721 5065 1724 5077; x_wconf 87' lang='lat'>·</span> <span class='ocrx_word' id='word_1_545' title='bbox 1771 5096 1780 5107; x_wconf 66' lang='lat'><em>,</em></span> <span class='ocrx_word' id='word_1_546' title='bbox 1916 5072 1990 5155; x_wconf 63' lang='lat' dir='ltr'>co,v</span> <span class='ocrx_word' id='word_1_547' title='bbox 2130 5084 2132 5088; x_wconf 48' lang='lat'><strong><em>⁴</em></strong></span> 
     </span>
    </p>
   </div>
   <div class='ocr_carea' id='block_1_9' title="bbox 0 0 2426 5859">
    <p class='ocr_par' dir='ltr' id='par_1_9' title="bbox 0 0 2426 5859">
     <span class='ocr_line' id='line_1_49' title="bbox 0 0 2426 5859; baseline 0 0"><span class='ocrx_word' id='word_1_548' title='bbox 0 0 2426 5859; x_wconf 95' lang='lat' dir='ltr'> </span> 
     </span>
    </p>
   </div>
  </div>
 </body>
</html>
