4842 5859
433 370 507 427 220
581 343 757 417 Locus
783 338 906 411 XXV.
931 332 1065 410 PARS
1090 334 1140 409 11.
1166 330 1279 404 CAP.
1311 330 1402 413 vii,
1427 330 1586 409 SECT.
1613 331 1656 405 V.
1681 330 1891 409 MEMBR.
1918 335 1969 410 Π.
1995 332 2197 409 niem

438 523 514 595 suot
535 546 577 594 es
599 520 681 591 Elis
699 514 878 611 exemplo,
903 520 936 585 dc
955 508 997 605 [ιο
1019 536 1058 581 ex
1078 529 1144 592 vet,
1160 508 1231 579 etsi.
1250 532 1304 579 ar·
1345 510 1455 581 occidi
1477 506 1542 581 sese
1563 492 2214 611 veritatiscausa'patisntur,'atqueala·

441 640 638 719 gutuenturu
664 620 844 691 ducentes,
885 636 952 702 qno
978 616 1199 678 Sutrtarituuos
1227 612 1305 703 igno
1345 606 1394 679 cti
1416 614 1532 679 anieno
1550 613 1747 701 martyrium
1770 604 1916 683 setheum,

439 720 567 793 eoelitus
588 710 727 785 detulisti
751 716 938 780 extrreutios
960 704 1022 775 ell'e
1046 704 1307 787 concludebant,

443 820 482 889 ad
501 814 683 886 dillint‘iun
704 829 768 880 ver.
791 834 827 877 nc
847 832 924 875 nou.
946 804 1018 873 teil.
1041 799 1231 891 οἰκονομίαν
1256 826 1307 871 re·
1395 806 1428 903 ς.
1452 804 1700 878 cccxlviii.
1726 810 1777 891 a.)
1803 803 1854 875 lid
1871 801 2067 901 generalem
2081 800 2208 903 respon·

442 920 557 991 rnittit.
583 912 795 987 Luc·lX·54·
849 908 901 995 3.)
927 905 1005 972 Non
1026 898 1306 995 minorejqnideru
1349 900 1475 983 fiouern
1503 907 1603 971 etiarn
1630 904 1696 972 hoe
1719 908 1883 998 pertinet,
1918 900 2117 999 pontificios
2143 930 2211 975 cnr·

443 1014 553 1085 sludio
566 1010 685 1080 tuenda
703 1030 740 1074 nc
757 1002 965 1097 propaganda
986 998 1030 1069 esl
1048 998 1170 1093 religio
1186 1023 1202 1063 a
1218 1000 1307 1065 chri-
1348 1000 1518 1070 delitstctn
1539 998 1645 1083 l'ttaur,
1670 1024 1734 1096 qtta
1760 994 1911 1071 adversus
1940 1022 2019 1087 eos,
2045 1026 2134 1097 quos
2154 1026 2210 1097 pro

443 1112 572 1195 ilianis,
606 1131 703 1203 qttatn
727 1102 809 1171 olim
835 1097 959 1170 sadlutn
980 1095 1043 1167 snit
1073 1098 1112 1165 ab
1137 1090 1308 1178 israelitis,
1350 1096 1512 1171 hereticis
1527 1098 1666 1182 habent,
1694 1102 1741 1166 uti
1758 1094 2019 1180 consueverunt,
2045 1124 2209 1197 utinquam

444 1206 499 1280 sed
520 1232 558 1277 ex
576 1231 618 1273 eo
640 1202 755 1272 inserri
773 1202 906 1292 nequit,
929 1196 1058 1291 capitali
1072 1198 1309 1263 haereticorum
1350 1220 1391 1265 ex
1406 1194 1471 1264 illis
1489 1191 1656 1287 scripturae
1668 1192 1763 1266 dislis
1777 1194 2004 1265 dctnonllrare
2018 1194 2124 1289 posse,
2150 1198 2210 1267 Ne.

445 1306 607 1402 supplicio
623 1326 695 1371 earn
716 1294 779 1367 eise
797 1294 974 1377 tuendatn,
999 1292 1050 1362 vel
1072 1296 1171 1361 armis
1191 1314 1309 1387 propa·
1350 1318 1415 1389 que
1436 1295 1523 1361 euim
1546 1292 1602 1366 illa
1622 1291 1709 1362 disla
1728 1294 1910 1389 loqrntutur
1931 1290 1973 1365 de
1988 1292 2075 1379 illie,
2103 1298 2158 1391 qui
2174 1314 2211 1365 ex

446 1403 609 1504 gandarn;
643 1396 759 1467 sufficit
789 1400 879 1463 euitn
908 1392 1013 1461 cultus
1040 1388 1309 1459 idololatricam
1350 1388 1540 1461 infirmitate
1560 1408 1692 1469 errant,
1715 1386 1770 1461 [οά
1792 1390 1835 1461 de
1855 1392 1939 1477 illis,
1971 1394 2032 1487 qtri
2054 1390 2128 1463 suen
2148 1416 2212 1463 mn.

445 1499 635 1598 magistratu
656 1494 803 1570 aboleri,
830 1490 990 1561 lineorum
1007 1484 1149 1559 ecclesia
1164 1488 1310 1556 eninillc·
1352 1476 1461 1559 uiselli
1487 1486 1693 1577 idololatra,
1732 1494 1790 1583 qni
1811 1486 1968 1558 sacrificiu
1985 1482 2137 1559 offerunt
2155 1488 2211 1561 dei,

388 1634 398 1649 ·
445 1605 535 1674 rium
557 1594 727 1677 conllitui,
754 1591 849 1685 lupos
865 1590 904 1659 ab
923 1586 1003 1661 ovili
1025 1588 1199 1655 dominico
1220 1607 1311 1653 arce·
1351 1586 1487 1669 alienis,
1512 1590 1569 1680 qui
1590 1586 1673 1657 ulios
1688 1582 1864 1671 seducunt,
1892 1585 2061 1657 diceutes:
2093 1592 2211 1659 Eunus

448 1706 498 1785 ri,
523 1698 599 1766 lieet
620 1718 682 1764 nec
702 1690 821 1763 triodus
843 1712 904 1756 nec
924 1709 1026 1780 genus
1048 1708 1150 1780 poenoe
1166 1680 1311 1751 idolola·
1352 1682 1588 1779 &serviamus
1603 1687 1667 1754 diis
1680 1688 1812 1777 nisenis3
1836 1689 1892 1779 qui
1907 1706 2035 1753 erotnen
2051 1686 2117 1755 Dei
2133 1684 2210 1757 bine.

447 1802 506 1870 tris
530 1800 565 1866 in
588 1810 654 1865 vet.
674 1788 743 1862 test.
766 1784 947 1856 coollirurae
967 1788 999 1852 iu
1024 1783 1187 1851 lraeretieis
1212 1784 1310 1849 cu&-
1352 1784 1487 1875 phetnia
1510 1782 1764 1867 adficiunt,·&c.
1788 1788 1854 1875 jam
1872 1804 1956 1851 vero
1968 1780 2210 1877 pontificiifine

448 1894 561 1967 cendia
584 1890 784 1961 observetur.
844 1885 901 1977 4.)
923 1884 975 1951 Sic
993 1876 1097 1949 sarreia
1125 1879 1310 1947 liberorum
1352 1876 1544 1951 discrimine
1563 1876 1753 1950 sedudiores
1769 1886 1801 1953 dt
1818 1875 1972 1950 sedudlos
1992 1882 2127 1976 capitali
2146 1876 2210 1979 sup·

448 2014 529 2087 erga
560 2008 708 2084 parentes
731 1982 918 2054 obedientia
941 2002 1009 2048 non
1034 1982 1144 2046 miuus
1171 1981 1203 2045 in
1231 1999 1309 2048 nou.
1353 1978 1455 2073 pliciu
1476 1976 1681 2049 adliciendos
1697 1974 1845 2061 censent,
1867 1983 1944 2073 quia
1962 1974 2152 2075 Hispanico
2167 1984 2211 2049 in.

448 2092 521 2163 tell.
547 2090 644 2183 quam
667 2088 701 2152 in
719 2101 783 2153 vet.
800 2076 905 2149 [δῆθε
927 2076 1103 2147 &illibate
1123 2073 1308 2144 cuslodien·
1352 2074 1537 2179 quistiouis
1552 2076 1666 2147 medio
1682 2080 1780 2146 etiarn
1801 2080 1835 2145 iu
1857 2100 1936 2163 eos,
1963 2080 2022 2171 qui
2048 2082 2210 2175 peregrini

449 2190 511 2275 dn,
540 2191 573 2257 ἁ
602 2178 811 2273 itumorig'eri
836 2178 931 2245 liberi
955 2172 1133 2269 puniendi,
1162 2174 1311 2268 quaternis
1351 2172 1442 2258 lunt,
1472 2181 1505 2245 de
1528 2171 1745 2270 perlullrnudi
1768 2170 1861 2244 cattfu
1884 2178 2044 2269 regiones
2069 2170 2210 2273 ipsorum

448 2310 511 2357 nec
533 2304 636 2379 genus
655 2302 715 2348 nec
736 2275 855 2346 rnodus
875 2296 995 2367 poettae,
1016 2270 1170 2339 uidelicet
1190 2267 1311 2364 lapida-
1351 2272 1530 2356 recedunt,
1556 2272 1839 2353 animadvertunt,
1862 2294 1899 2341 ac
1922 2278 2072 2341 tnin'ienn
2085 2268 2235 2369 qttotrne'

448 2387 648 2454 rioinuov.
669 2372 794 2448 tellam.
817 2370 958 2463 amplius
982 2370 1183 2440 observetur.
1232 2367 1309 2436 snb·
1351 2370 1478 2440 indicio
1498 2368 1677 2440 dchaerefi
1700 2366 2086 2467 snspeslosadtribuual
2110 2380 2210 2445 &rn-

449 2482 562 2553 batum
579 2472 771 2545 sartdlifrcari
793 2474 863 2565 pius
884 2466 1127 2541 &christianus
1142 2465 1309 2559 magillra·
1352 2492 1433 2565 guin
1450 2468 1626 2541 abductmt.
1682 2472 1730 2557 3.)
1756 2470 1861 2563 Leges
1873 2468 1915 2535 de
1931 2468 2130 2541 occidendis:
2144 2470 2211 2545 idn.

450 2600 501 2649 tus
523 2573 701 2668 diligenter
725 2590 837 2655 curet3
877 2570 1010 2637 interim
1033 2568 1089 2659 qui
1121 2586 1205 2656 opus
1231 2561 1310 2633 i'aeit
1352 2566 1478 2641 lnlatris
1507 2590 1576 2636 non
1602 2586 1733 2636 tanturn
1754 2568 1927 2635 haereticos
1948 2572 1982 2638 ἁ
2011 2562 2211 2667 pse'udopro·

449 2672 571 2746 sabbati
593 2672 666 2754 die,
699 2692 775 2737 eunt
806 2662 1072 2735 interficiendum
1097 2660 1201 2733 llarim
1228 2657 1311 2745 effe,
1353 2668 1466 2761 phetas
1487 2668 1520 2733 in
1543 2664 1658 2734 medio
1682 2664 1797 2761 populi
1816 2660 1985 2734 lsrasliriel
2005 2660 2212 2765 exstirpentur

451 2768 689 2845 nec'Calvinua
706 2790 766 2835 nec
784 2766 865 2859 Beza
883 2764 1037 2833 dixetiur.
1091 2764 1144 2848 ς.)
1170 2758 1227 2830 illa
1244 2754 1310 2853 ipsa
1354 2759 1540 2855 spedlnbant
1551 2815 1562 2849 ,
1587 2760 1645 2832 sed
1659 2770 1759 2833 etiarn
1771 2784 1886 2858 gentes
1899 2764 2211 2849 Cananoeas,'exen

452 2870 576 2942 clarior
585 2860 804 2963 patesadlioin
819 2886 896 2933 nor.
908 2860 975 2931 tell.
989 2863 1192 2929 contrarium
1203 2862 1311 2953 potius
1356 2856 1539 2931 israeliticae
1558 2858 1699 2931 eoeleste
1720 2866 1887 2955 gremium
1903 2858 2114 2949 constitutae,
2138 2872 2210 2959 quat

451 2972 579 3063 arguit,
604 2961 756 3033 videlicet
777 2954 840 3033 elle
861 2966 923 3047 jein
941 2978 1069 3053 ternpus
1080 2960 1213 3052 gratia,
1241 2979 1311 3050 (μισ
1356 2984 1425 3029 non
1443 2964 1551 3029 urinus
1572 2982 1670 3055 qttanr
1694 2950 1998 3054 pseudoprophetae
2016 2964 2063 3029 ad
2076 2960 2211 3031 idololo-

451 3058 521 3140 [οε
548 3060 635 3134 etde
663 3066 697 3132 dt
726 3054 883 3155 sunguine
914 3056 1047 3125 ecclesa
1078 3056 1312 3149 propaganda,
1354 3064 1451 3125 triatn
1473 3054 1661 3126 seducentes
1681 3057 1977 3153 exilirpaeidirioa
1990 3058 2211 3148 majesterio·

451 3188 516 3235 nec
545 3164 693 3256 rigorem
723 3176 789 3233 vet.
815 3156 885 3224 tell.
907 3151 1047 3245 amplius
1077 3146 1313 3247 usurpandum.
1355 3154 1433 3225 init:
1460 3156 1644 3227 Denevil.
1661 3180 1690 3227 r.
1717 3158 1880 3230 rere-ties
1901 3178 1958 3225 eos
1975 3180 2078 3253 usqae
2096 3156 2143 3231 od
2160 3160 2211 3231 ἐι.

451 3263 584 3355 Excipit
605 3258 790 3350 Gregorius
809 3252 989 3324 deVoleut.
1008 3250 1040 3322 d.
1060 3249 1082 3322 l.
1108 3252 1312 3345 Cyprianam
1353 3256 1575 3326 ierneeionetn.
1626 3252 1730 3337 Quod
1743 3252 1765 3323 fi
1780 3278 1865 3351 ergo
1884 3255 1973 3349 leges
1996 3252 2063 3325 illac
2082 3258 2121 3327 in
2139 3268 2211 3327 ude.

453 3358 620 3431 eonirorio
637 3358 729 3424 mutio
744 3358 941 3447 procedere,
964 3352 1041 3445 qnia
1069 3352 1181 3422 in'iid.
1199 3353 1238 3417 de
1259 3374 1310 3419 ex·
1353 3352 1424 3423 tell.
1447 3373 1510 3421 uos
1527 3350 1698 3447 obligam;
1731 3347 1934 3447 consequens
1955 3350 2080 3439 suerit,
2114 3358 2213 3453 enegi-

453 3459 572 3531 norint.
592 3458 635 3525 ed
649 3464 785 3549 martyr.
801 3474 826 3522 e.
839 3477 866 3542 5.
889 3452 1134 3521 commemoratis
1149 3444 1214 3518 illis
1225 3448 1311 3541 scri·
1354 3450 1486 3522 llrattnn
1515 3452 1729 3521 ehriiiianutn
1755 3450 1886 3533 judeos
1915 3456 1948 3521 da
1976 3450 2057 3521 alias
2108 3446 2234 3539 enter,⁸

453 3570 559 3651 ptura
573 3554 666 3625 dislis
667 3552 867 3649 subjungit:
895 3552 1016 3621 Sinnin
1032 3552 1204 3618 aduentum
1220 3548 1311 3622 Citri-
1353 3573 1425 3642 ntra:
1451 3542 1523 3618 sunt
1551 3568 1642 3619 extra
1670 3546 1861 3632 ecclesium,
1897 3544 2015 3642 gladio
2040 3572 2082 3619 eie
2112 3554 2213 3647 'epure

447 3658 491 3747 βᾶ
515 3656 599 3726 circa
624 3660 727 3725 Decet
750 3653 915 3721 eniennnn
940 3644 986 3719 s!
1010 3649 1096 3716 idolo
1117 3646 1311 3740 spernendo
1353 3647 1495 3727 debete,
1520 3650 1611 3735 cujus
1630 3652 1836 3719 contrarium
1852 3652 1886 3719 dt
1901 3644 2070 3743 pontificii
2091 3654 2127 3723 dt
2141 3644 2213 3721 Cel·

454 3754 514 3826 sicr
527 3764 685 3845 precepta
700 3748 838 3841 sarorio
853 3746 954 3839 sun13
981 3756 1104 3839 qnaeris
1122 3748 1224 3841 tnagis
1236 3744 1312 3837 poll
1351 3747 1477 3815 riniani
1499 3742 1650 3816 flatuunt.
2204 3736 2212 3743 '

453 3857 626 3923 aduentum
650 3846 765 3933 ciriae
780 3844 1068 3939 suntservnndo,
1096 3848 1229 3938 quondo
1259 3840 1312 3915 ille
2208 3880 2212 3891 .

448 3953 581 4022 veniens
605 3971 672 4017 nun
703 3946 810 4017 aeriis
835 3957 961 4013 ionium
989 3967 1046 4013 nos
1075 3942 1227 4013 strictus
1249 3942 1312 4036 fit,
1398 3942 1431 4035 §.
1457 3936 1671 4013 ccciiii.
1713 3944 1752 4012 iu
1791 3944 1880 4034 pecie
1908 3938 1952 4015 ad
1975 3938 2105 4042 lingula
2131 3942 2214 4019 dieis

442 4048 510 4151 sed
534 4044 662 4141 sollis?
710 4042 806 4137 Resp.
837 4042 926 4113 idern
956 4040 1142 4135 Cyprianus
1171 4040 1227 4111 lib.
1252 4043 1312 4113 lli.
1351 4032 1498 4135 superius
1527 4039 1632 4111 ndlnta
1660 4060 1695 4110 ut
1716 4042 1992 4136 repende-arnus,
2018 4066 2213 4129 monemus,

445 4168 505 4241 rep.
523 4145 580 4213 iil.
597 4141 713 4234 fissilis
738 4140 816 4236 noso
841 4142 1052 4237 confringere
1071 4137 1142 4231 soii
1167 4142 1314 4212 Domino
1352 4136 1443 4231 quod
1482 4142 1532 4221 r.)
1551 4136 1659 4208 Exod.
1678 4136 1850 4219 xxiia,
1879 4162 1994 4235 agareis
2020 4146 2159 4237 proprie
2177 4142 2213 4211 ee

448 4237 627 4338 ,ronreffltrn
645 4237 721 4335 effe,
749 4238 877 4325 llatuit3
904 4242 993 4309 httuc
1011 4235 1101 4332 quod
1123 4234 1248 4309 adtinet
1265 4237 1317 4307 lo·
1353 4236 1554 4315 idololatris,
1580 4238 1638 4331 qni
1660 4239 1723 4305 diis
1741 4240 1856 4308 olienis
1865 4238 2038 4335 sacrificia
2060 4240 2212 4337 offerens,

450 4366 553 4427 cam,
579 4346 613 4409 in
636 4362 677 4408 eo
693 4362 761 4407 non
788 4360 853 4408 tam
877 4336 918 4405 de
940 4356 1034 4430 poena
1052 4332 1317 4419 idololatrarum,
1353 4352 1451 4423 atque
1472 4330 1512 4401 ad
1533 4336 1709 4429 gentilium
1726 4338 1827 4431 inrpia
1846 4344 1880 4408 de
1901 4324 2116 4409 iddlolarriea
2132 4328 2215 4411 scere

450 4464 551 4537 qtraur
581 4436 623 4505 de
655 4456 828 4507 contemtu
852 4432 1024 4504 idolorum
1054 4430 1220 4526 loquitur,
1254 4456 1317 4503 nes
1353 4426 1420 4501 sese
1440 4424 1651 4501 conserentes
1670 4432 1710 4500 ali
1733 4430 1866 4501 ecelefia
1894 4442 2027 4528 penitus
2046 4436 2239 4515 deliciunt„

450 4536 627 4631 quotnodo
660 4531 835 4630 puniendi,
877 4528 931 4601 sed
961 4528 1053 4627 quod
1080 4527 1232 4624 fugiendi
1255 4528 1315 4599 stur
1354 4526 1458 4597 'l'nles
1475 4526 1581 4597 voluit
1601 4529 1855 4601 Deusentedio
1872 4530 1968 4619 tolli,
1992 4558 2035 4605 ne
2054 4536 2215 4633 populum

450 4632 771 4719 idololatrae,docet.
821 4631 860 4699 ln
878 4650 949 4700 toro
967 4634 1057 4698 enirn
1073 4628 1209 4697 traciam
1228 4630 1317 4697 chri-
1354 4625 1395 4695 ad
1419 4626 1585 4695 ethnicam
1609 4625 1835 4701 idololatriam
1864 4623 2079 4720 seducerent,
2106 4658 2217 4729 quenn-

450 4736 571 4806 sliauos
595 4732 769 4811 hortatur,
794 4750 862 4795 non
884 4746 919 4795 ut
943 4750 1088 4821 paganos
1111 4722 1317 4812 idololatras,
1355 4723 1539 4793 adtnodutn
1568 4725 1722 4795 eamdem
1746 4727 1791 4793 ob
1813 4722 1939 4797 causatu
1965 4748 2083 4824 gentes
2113 4732 2218 4801 Cane·

452 4840 655 4924 inquorum
681 4828 797 4895 medio
816 4823 987 4907 vivebant,
1016 4824 1185 4911 occidant,
1210 4818 1265 4891 sed
1282 4844 1317 4893 ut
1356 4844 1439 4891 nnat
1464 4818 1631 4913 exstirpari
1659 4824 1784 4908 noluit,
1816 4848 1857 4894 ne
1879 4830 2027 4899 docerent
2047 4828 2218 4923 Israeliten

450 4923 683 5031 confugiant,
715 4928 748 4997 de
773 4920 929 5016 ligioni
948 4918 1072 4992 euritii
1092 4925 1137 4993 ita
1158 4923 1315 5023 requirat,
1347 4920 1466 5017 sotere
1493 4916 1623 4995 tendas
1645 4925 1920 5018 abominationes,
1956 4950 2039 5024 qaas
2061 4930 2125 5029 ipfl
2147 4950 2219 5023 ope·

2156 5026 2218 5101 raii
