4842 5859
440 312 509 387 272
701 296 881 395 LOCVS
908 302 1027 381 XXV.
1078 304 1214 381 PARS
1239 308 1290 386 11.
1335 309 1527 386 CAPVT
1553 309 1644 385 Vll.
1682 310 1896 387 ¹SlZCTlO
1928 316 1998 391 Ἡ.

441 492 528 553 ‚,re,
565 470 786 569 lethargicum
816 480 1005 563 slimulare,
1041 484 1156 557 ambos
1180 511 1305 567 amate.
1355 544 1378 579 „
1412 486 1640 577 osselstotiem,
1666 517 1766 589 quam
1782 491 1822 565 ab
1838 491 1912 589 ipsis
1930 488 2080 563 defendi
2099 490 2249 563 aeeon·

439 610 463 648 ,‚
478 570 589 639 limbo
619 570 856 656 offenduntur.
893 578 1075 653 sedambo
1101 585 1303 677 diliguntur,
1351 515 1506 677 ‚serrari
1535 588 1686 678 volebat,
1718 592 1816 686 ¹quod
1846 592 1920 661 lieri
1946 614 2021 661 non
2056 586 2217 684 potuisset,

439 667 573 749 „ambo
598 672 785 759 molestari,
811 680 971 773 quamdiu
995 686 1075 777 aegri
1099 678 1188 769 lum,
1214 686 1304 755 ludi·
1351 684 1407 773 „fi
1422 686 1538 759 -ltuller
1563 694 1599 757 iu
1624 684 1657 759 se
1681 696 1843 759 irruenter
1872 693 1975 761 aruris
2008 682 2213 783 propulsare,

292 860 296 869 Ι
441 814 464 848 „
475 785 632 857 guantur,
660 770 714 842 led
729 774 829 845 ambo
845 773 942 847 sartari
959 779 1207 875 gratulantum„
1240 782 1304 857 Lu·
1352 790 1422 873 „dr
1443 788 1485 853 ad
1510 791 1777 857 internecionem
1804 792 1905 861 eriam
1927 786 2112 857 interdum
2137 806 2233 855 ocer-

442 861 555 933 therus
579 868 641 937 hae
662 868 876 945 similitudine
896 884 1020 947 utitur:
1351 882 1466 971 „dere
1493 904 1564 951 non
1591 880 1745 957 licuisset.
1796 888 1840 953 stt
1863 880 1923 953 sub
1949 884 2024 953 tesi.
2050 906 2136 955 nou..
2151 880 2215 951 nul·

1351 1032 1377 1066 „
1390 981 1455 1053 latu
1472 974 1532 1047 suo
1548 980 1676 1076 populo
1693 1002 1859 1051 terrenam
1878 976 2123 1077 possessiouem
2135 980 2215 1049 Dent

1352 1076 1493 1161 „dadin
1527 1080 1600 1145 imo
1625 1099 1710 1148 terr-a
1732 1076 1914 1172 puslltabita
1938 1080 2071 1149 coeluur
2093 1101 2150 1147 eoa
2170 1080 2215 1149 iu·

1350 1180 1515 1271 „quirere
1535 1171 1639 1264 julsrr,
1656 1178 1697 1247 ,ἃ
1710 1196 1885 1268 propterea
1902 1176 1995 1253 uuila
2016 1180 2150 1245 ratione
2163 1196 2216 1245 uu·

1349 1296 1480 1367 „quam
1495 1269 1548 1341 vel
1565 1294 1625 1365 per
1641 1270 1831 1355 Citrislum,
1857 1272 1910 1343 uel
1927 1296 1989 1367 per
2009 1271 2082 1364 ejus
2096 1268 2215 1368 apossu-

446 1364 495 1465 t.)
520 1362 669 1433 Tamum
693 1364 798 1454 abesl,
823 1386 858 1439 ut
881 1366 1029 1463 legitima
1054 1370 1139 1441 bella
1162 1395 1224 1466 pro
1244 1366 1303 1449 de·
1349 1370 1433 1457 „los
1454 1370 1653 1459 declaravit,
1679 1365 1711 1439 se
1731 1366 1878 1440 lrolliunr
1891 1370 2130 1451 invadentium
2135 1392 2214 1537 pro·

441 1460 593 1531 leudone
622 1456 825 1537 subditorum
849 1490 866 1535 a
892 1467 1080 1563 magillrutu
1110 1470 1198 1567 gella
1229 1492 1305 1538 cum
1350 1464 1602 1563 „pulsationem
1623 1493 1700 1537 cum
1724 1463 1872 1562 ipsorum
1899 1492 1984 1545 nece
2005 1473 2131 1555 conjrm
2164 1488 2210 1537 rut

443 1560 601 1630 mandato
629 1556 816 1633 diledlionis
846 1588 889 1659 pu
916 1585 1012 1651 nent,
1051 1588 1086 1637 ut
1113 1569 1153 1637 ab
1182 1566 1304 1638 eodem
1352 1566 1614 1661 „adprobare.„
1640 1562 1918 1637 Ossorodusd.1.
1946 1568 2138 1661 “lacapiet
2158 1588 2210 1637 nu·

439 1662 776 1753 poriusrequiraurur.
827 1590 1305 1735 Desenfioenimsubditorum
1350 1664 1482 1751 „llram
1508 1666 1551 1733 de
1581 1663 1672 1733 bello
1703 1662 1914 1747 doelriuam,
1955 1668 2016 1758 qui
2044 1662 2220 1757 iutelligit.

440 1752 579 1851 profluit
607 1779 802 1846 examore,
836 1784 906 1855 quo
933 1760 1136 1857 mapillratur
1158 1758 1305 1832 subdiroe
1347 1762 1494 1847 „licum
1524 1762 1706 1832 chrillianis
1731 1785 1800 1830 non
1826 1761 1914 1829 bona
1940 1779 2101 1845 terrena,
2140 1742 2208 1833 llere

438 1850 515 1923 suos
530 1852 739 1947 ampleclitur
755 1864 787 1928 dt
802 1856 956 1950 amplesli
972 1865 1070 1929 eriam
1084 1860 1201 1946 deber3
1225 1882 1304 1957 pro-
1350 1859 1465 1946 „olim
1483 1856 1658 1945 Israelitis,
1682 1854 1857 1954 adliguaffe
1872 1864 1905 1933 ἀ
1919 1854 2142 1945 distribuisse,
2160 1854 2207 1935 sed

438 1971 514 2047 pter·
541 1947 776 2039 defensionem·
796 1946 881 2023 bella
910 1951 1128 2051 suscipiuntur
1153 1983 1193 2029 ex
1220 1980 1303 2029 vero
1348 1976 1496 2043 „contra
1519 1962 1629 2053 potius
1655 1952 1840 2043 mandasse,
1877 1974 1914 2025 ur
1940 1954 2113 2027 terreslria
2139 1982 2207 2039 eon·

440 2048 539 2132 zelo,
577 2052 611 2117 in
641 2074 709 2146 quo
738 2054 807 2121 duo
831 2052 949 2125 diversi
977 2053 1143 2146 adsedlur,
1183 2056 1302 2146 juslum
1350 2076 1548 2141 „remuaur,
1575 2053 1992 2150 coelelliaveroquaeranr,
2021 2054 2205 2137 Collllm,

439 2146 558 2217 odium
587 2170 664 2247 erga
694 2150 843 2236 hollam,
876 2157 910 2221 dt
932 2174 1027 2223 amor
1053 2178 1130 2247 erga
1154 2150 1301 2225 subditur
1347 2179 1459 2239 „eum
1480 2178 1549 2223 nun
1574 2154 1723 2225 habeant
1739 2156 1794 2223 hic
1819 2171 2013 2223 metientem
2036 2157 2205 2237 ciuitatem.

439 2251 699 2340 conjunguntur,
747 2252 807 2335 9.)
831 2247 999 2319 Nimirum
1017 2272 1051 2321 ut
1069 2252 1112 2322 eil
1131 2254 1304 2348 prepolle·
1345 2252 1581 2335 ..Helvetum
1597 2279 1649 2333 ¹4·
1675 2252 1728 2323 Ex
1746 2275 1815 2348 quo
1828 2246 1996 2346 sequitur,
2022 2252 2118 2346 quod
2131 2256 2206 2329 chri

440 2368 474 2414 ra
489 2345 638 2438 quaedam
654 2344 808 2430 dilee‘lio,
830 2350 873 2416 ita
887 2352 985 2417 etiam
1002 2344 1147 2421 sanetum
1166 2350 1303 2447 aliquod
1347 2348 1494 2433 „ilianur
1520 2372 1588 2418 non
1604 2372 1810 2445 magnopere
1831 2350 1950 2417 debeat
1968 2373 2093 2418 curare
2114 2369 2206 2420 terre

491 1048 540 1067 ··
605 1054 653 1071 -
713 1060 759 1077 —
825 1060 872 1077 -
931 1026 1163 1097 immedicabile
1188 1029 1306 1101 vuinus

494 1112 585 1207 Ense
604 1116 803 1191 recidendum
825 1120 882 1211 tsi,
918 1150 959 1195 tre
975 1126 1204 1299 persplartra
1234 1140 1306 1211 tro·

1055 1238 1174 1297 ‚alten

296 2474 299 2479 ·
442 2443 575 2516 odium.
626 2443 658 2512 Si
681 2467 798 2538 parem
817 2442 856 2512 ad
880 2444 1062 2518 liberorum
1080 2468 1208 2542 peccata
1223 2474 1305 2521 con·
1346 2446 1472 2533 ‚,slria‚
1497 2452 1579 2541 quin
1599 2448 1671 2533 into
1685 2466 1782 2519 certo
1802 2446 1935 2529 slarrrar,
1971 2446 2020 2515 ob
2044 2444 2206 2523 delenstor

440 2545 550 2620 nivet,
578 2540 772 2634 praepollere
789 2541 832 2609 eil
849 2539 1007 2634 diledli05
1039 2544 1302 2625 rLSam.lll.·13.
1345 2570 1458 2633 „nem
1481 2566 1692 2615 terrenorum
1713 2571 1783 2615 non
1814 2540 1877 2613 esse
1905 2542 2015 2615 ullum
2039 2546 2137 2617 alteri
2154 2568 2205 2615 uo·

441 2635 465 2708 st
489 2639 552 2707 Dei
576 2644 608 2709 ἁ
630 2640 766 2708 lttrruani
793 2644 924 2731 pencris
951 2644 1060 2713 hollea
1084 2644 1165 2715 odio
1191 2645 1273 2737 pros
1287 2686 1304 2704 ·
1348 2666 1575 2729 „cumeorum
1597 2642 1831 2726 inserendum,
1856 2640 1965 2713 multo
1982 2648 2098 2715 minue
2116 2650 2205 2719 vitan

440 2741 601 2832 quirum,
647 2736 727 2809 illud
758 2732 905 2811 laridum
940 2740 983 2809 etl
1012 2742 1144 2815 odium.
1190 2738 1307 2816 Psalm.
1351 2743 1493 2829 „eidem
1519 2738 1754 2827 auferendam,
1798 2742 1889 2835 quod
1913 2760 2027 2811 tamen
2053 2745 2094 2827 nin
2124 2740 2204 2811 bellit

442 2834 691 2907 cxxxtxm.
721 2838 872 2913 Nonne,
899 2842 955 2933 qni
976 2844 1116 2913 aderent
1139 2853 1170 2912 te
1192 2848 1306 2917 Domi·
1349 2838 1457 2927 „lieri
1487 2837 1657 2927 conflat„
1721 2840 1809 2932 Resp.
1842 2842 1884 2929 ι.)
1927 2842 2069 2935 Πρώτου
2098 2826 2227 2935 deridet.

439 2958 500 3017 m,
525 2935 682 3020 oderam,
708 2931 751 3020 ξς
763 2932 872 3027 [ηραν
896 2941 1039 3009 inimicos
1064 2952 1136 3010 tuos
1162 2944 1302 3034 tabesce-
1343 2940 1648 3033 lrujmargumeuti
1673 2942 1706 3007 iu
1727 2963 1769 3009 eo
1789 2934 1954 3015 cuulillit,
1973 2940 2078 3031 ¹quud
2101 2938 2204 3011 Phari·

389 3028 393 3037 '
443 3038 524 3104 bnttt.
558 3055 664 3104 maa.
691 3036 843 3127 Pttjesln
867 3040 941 3105 odio
968 3042 1096 3108 oderem
1119 3040 1213 3116 illos.
1236 3045 1303 3110 t'tri-
1344 3042 1437 3107 niani
1462 3036 1622 3121 statuunt,
1656 3036 1768 3107 Deum
1790 3040 1824 3104 in
1846 3055 1910 3103 vet.
1934 3036 2014 3105 tell.
2043 3058 2203 3133 mrnquaut

442 3130 811 3220 micifnliisttntmtlri.
863 3136 957 3227 Ergo
980 3137 1196 3205 extrrandaro
1219 3138 1302 3207 dile·
1346 3130 1502 3204 revelasse
1522 3133 1578 3202 ¹vel
1607 3130 1788 3227 promistlse
1817 3136 1877 3229 piis
1899 3135 2007 3201 ¹tritam
2039 3154 2202 3217 aternam.

442 3230 562 3301 dliouir
576 3225 692 3297 iusetri
708 3235 842 3323 nequit,
865 3238 997 3324 quosvis
1007 3236 1180 3319 homines,
1198 3236 1299 3306 adeo·
1342 3228 1400 3301 sed
1430 3238 1497 3321 ejus
1521 3232 1767 3301 revelationem
1791 3255 1828 3301 ae
1856 3228 2117 3325 promissionem
2147 3252 2204 3303 tau·

440 3352 505 3423 que
529 3328 628 3393 etiam
654 3321 739 3420 ipsos
763 3328 825 3396 Dei
849 3332 1004 3399 inimicos
1024 3338 1066 3401 ita
1092 3332 1303 3428 diligendos,
1343 3350 1414 3399 tum
1438 3356 1496 3426 per
1515 3328 1686 3399 Christum
1702 3336 1735 3401 in
1756 3352 1834 3399 nou.
1852 3326 1921 3397 resl.
1938 3328 2201 3403 mauiseslaudtm

442 3424 802 3496 uteorumcouatibus
823 3430 1303 3527 &proteruiaenullaratioue
1343 3426 1529 3500 reservasse.
1587 3424 1814 3499 catechismus
1853 3426 1980 3497 Racov.
2028 3452 2107 3523 pag.
2131 3448 2200 3507 aar.

441 3519 612 3595 refissarur.
694 3540 696 3547 ’
1343 3526 1504 3603 Srrtaleiur
1537 3548 1651 3598 contra
1686 3528 1816 3605 sumn,
1843 3518 1923 3619 disp.
1945 3526 2024 3595 Vll.
2054 3524 2199 3603 deberit

1343 3626 1474 3723 operib.
1496 3651 1529 3723 p.
1552 3652 1635 3704 220,
1668 3624 1809 3696 “Vitam
1832 3642 1990 3691 aternam
2014 3622 2200 3693 anteced

440 3740 487 3817 3.)
512 3742 641 3806 mov,
737 3723 771 3811 d.
798 3722 1016 3800 cccxciv.
1055 3728 1131 3815 lll.)
1156 3728 1206 3799 Ex
1228 3752 1306 3797 nou.
1346 3726 1460 3813 „llum
1483 3729 1609 3793 nemini
1627 3718 1723 3793 suisse
1748 3717 1961 3818 promissam,
1986 3722 2023 3789 in
2048 3718 2200 3801 noenta

443 3823 627 3897 '‘stanam'‘-
698 3820 766 3911 nst·
787 3832 921 3900 natura.
968 3828 1107 3897 Sociuus
1131 3826 1162 3895 d.
1187 3825 1209 3898 l.
1238 3829 1309 3894 “ln
1344 3822 1620 3909 „mumloedere
1643 3826 1744 3890 vitam
1766 3842 1922 3889 aeternam
1950 3837 2067 3911 aperte
2087 3814 2199 3889 reuele-

695 3934 796 4001 „vct.·
832 3919 900 3991 tell.
935 3920 1027 3994 licuir
1061 3930 1127 3994 vim
1163 3922 1307 3992 hoilium
1345 3942 1441 4007 „tam
1463 3915 2199 4015 &promissamoruuibuaiuchrislumcrflt

438 4012 572 4098 „etiam
609 4036 685 4083 rum
721 4008 866 4107 ipsorum
899 4021 1066 4095 occisione
1093 4016 1307 4115 propulsare,
1345 4018 1529 4105 „dentibus
1548 4014 1643 4087 fuiri'e
1662 4016 1905 4101 contendimus,
1916 4061 1937 4100 ‚‚
1963 4012 2198 4111 quidnabaprle

437 4114 551 4205 „quin
572 4109 660 4179 Deua
683 4112 793 4181 multis
821 4117 930 4187 modis
957 4120 1195 4203 declaraverat,
1223 4116 1254 4189 se
1273 4120 1307 4189 id
1345 4116 1440 4186 llicus
1461 4142 1556 4186 error
1581 4116 1660 4203 alibi
1676 4113 1868 4187 refellitur.'
1903 4118 1954 4201 a.)
1974 4114 2022 4187 ¹Vr
2040 4118 2078 4185 iu
2096 4112 2200 4195 vercel.

441 4214 726 4303 „runctrmporit
745 4236 811 4281 nan
832 4219 1031 4309 improbare.
1085 4222 1127 4288 Vt
1142 4216 1307 4291 euimalia
1347 4222 1389 4285 ira
1419 4240 1552 4309 qunque
1583 4221 1618 4284 in
1642 4240 1733 4283 nouo
1762 4212 1957 4283 trslamenro
1980 4216 2086 4303 pietat
2113 4208 2200 4281 hehe

378 4308 384 4317 ’
438 4360 464 4395 „
475 4312 647 4391 ornatam,
670 4312 758 4377 inter
780 4332 894 4382 cetera
917 4322 1049 4409 praemia
1073 4321 1111 4388 iit
1128 4315 1306 4413 propafira,
1346 4319 1479 4410 praerrtia
1500 4341 1569 4383 trun
1580 4316 1691 4408 solem
1710 4316 1853 4405 salute,
1871 4310 2048 4401 sedetiam
2068 4306 2197 4406 presta·

437 4411 526 4496 „qui
549 4400 866 4499 legemservalsent,
893 4412 960 4482 hoc
981 4416 1079 4484 etlam
1104 4436 1189 4499 erat,
1216 4415 1305 4508 quud
1344 4420 1386 4483 iis
1405 4418 1492 4498 uitae
1524 4414 1770 4487 elamitas.
1799 4414 1887 4502 atqui
1908 4407 1948 4481 atl
1972 4408 2198 4501 promisstuuet

441 4502 496 4587 „ti
516 4504 624 4571 ltnllee
643 4502 794 4579 aduersus
808 4505 901 4602 ipsos
922 4506 1181 4596 insurrexissent,
1205 4510 1307 4581 roesos
1343 4510 1439 4599 lmjur
1463 4518 1535 4580 uitae
1554 4517 1694 4605 pertinet
1718 4517 1817 4579 eriam
1842 4505 1997 4575 ‹leleufiu
2014 4532 2031 4577 a
2051 4510 2198 4578 violentia

434 4652 460 4683 „‚
476 4596 592 4666 antese
611 4597 687 4668 illos
703 4629 861 4674 corruere
879 4607 1016 4682 uiritim.
1044 4612 1305 4685 DeualiXVlll.
1342 4610 1514 4681 &insidiis
1544 4614 1699 4681 lollium.
1755 4612 1849 4699 Ergo
1875 4630 1911 4673 ea
1942 4630 2013 4676 nou
2038 4606 2197 4677 minutia

439 4722 508 4783 ,‚7.
538 4698 608 4765 Nec
630 4706 771 4787 mirum,
798 4706 925 4795 populo
947 4714 1036 4779 enim
1060 4707 1119 4777 suo
1143 4710 1230 4775 Deus
1250 4705 1305 4777 sub
1343 4734 1453 4789 nouo,
1481 4735 1577 4804 quam
1598 4716 1630 4775 ia
1648 4714 1749 4775 uereri
1770 4708 1966 4775 teilameuro
1985 4712 2048 4798 piis
2068 4704 2112 4775 eil
2129 4724 2197 4801 pru·

435 4818 531 4878 „vet
554 4794 621 4869 teil,
648 4800 701 4867 vel
724 4800 938 4893 promiserat,
963 4806 1101 4897 veliam
1123 4804 1305 4899 adligttarat
1343 4802 1445 4876 milla
1514 4820 1558 4896 3·)
1581 4806 1789 4893 salsamell,
1828 4806 1940 4873 Deum
1972 4810 2008 4872 ia
2035 4798 2198 4875 nontesl.

376 4960 381 4971 .
426 4901 496 4977 ard(
518 4893 656 4964 dederat
676 4915 857 4997 *terrenum
887 4923 1049 4998 regnum,
1075 4924 1305 5003 terrenamque
1341 4907 1429 4977 nullu
1447 4906 1579 4983 ,rarione
1605 4931 1749 5001 uuquam
1772 4900 1823 4975 uel
1846 4894 2198 4999 percurreremus

2136 5014 2205 5099 ÷P⁸²
