4842 5859
332 229 361 254 ⁰
421 291 492 368 mr
569 279 740 354 cocus
763 280 1041 361 astu-tum
1066 230 1118 363 u.
1143 211 1259 359 c'tr.
1285 276 1376 357 tu.
1415 276 1641 355 secuso.
1670 274 2159 396 transeuntur.
2203 336 2208 345 .

416 452 488 535 teda
511 458 771 555 conpensatione
785 462 956 555 pecuniane
973 473 1116 544 nutuan
1130 463 1286 558 prastino
1301 455 1307 465 ’
1335 461 1473 561 llerilis,
1503 455 1559 532 sed
1574 456 1694 548 efficit,
1721 477 1757 531 ut
1769 448 1897 530 reditus
1905 454 2111 552 praediorum
2129 450 2203 532 suo-⁴

419 559 512 632 date.
563 552 659 654 Refp.
690 578 726 632 ut
746 561 1053 658 eleemosynarium]
1086 567 1130 634 ita
1149 587 1287 660 quoque
1337 588 1413 635 rum
1427 583 1554 631 attnuos
1571 565 1743 656 percipere
1758 555 1889 654 potunt.
1941 557 2031 628 Cum
2048 583 2136 657 agro
2153 564 2201 631 iti·
2237 596 2245 617 ·

303 684 308 689 ·
417 659 604 754 gratuitum
624 656 708 729 illud
728 680 883 732 mutuum
899 666 970 752 jure
990 680 1112 732 naturae
1128 663 1289 734 debemus
1336 663 1416 732 dem
1444 659 1663 730 nevidunus
1692 675 1945 750 comparatum,
1980 675 2015 726 ut
2040 653 2202 754 perse&
2242 672 2245 751 j

421 760 607 854 proximo,
649 775 850 831 nontamen
875 759 1034 831 omnibus
1055 764 1199 835 omnino
1225 762 1289 832 ho·
1335 759 1532 833 immediate
1553 755 1613 828 nist
1633 761 1737 828 aratio
1756 749 1911 826 sementis
1940 758 1973 828 ἀ
1994 780 2074 827 cura
2095 757 2202 829 homi·

286 941 293 955 '
424 855 590 944 minibus,
614 849 758 927 sediliis
782 857 958 944 duntaxat,
991 864 1047 956 qui
1071 863 1193 956 iuopia
1217 855 1292 930 sub·
1337 885 1419 931 num
1433 855 1584 943 accedat,
1606 851 2111 951 utilesfrudiusltaudquaquam
2128 880 2213 954 pro-¹

423 951 572 1025 levandae
595 950 687 1025 ctttfa
711 956 778 1026 hoc
796 958 1010 1028 humanitatis
1028 957 1178 1029 officium
1195 981 1212 1026 a
1231 982 1292 1028 uo·
1336 956 1445 1045 ferat3
1478 950 1534 1026 fed
1552 953 1576 1027 st
1596 954 1728 1028 labores
1752 953 1877 1023 bovum
1904 956 1937 1024 dt
1958 953 2126 1028 culturam
2142 957 2203 1027 bo-

418 1048 473 1123 bis
496 1071 671 1151 expetuutt
690 1079 769 1125 cum
793 1054 967 1142 divitibus,
990 1061 1047 1153 qui
1074 1055 1113 1129 ud
1137 1061 1290 1154 negutia-
1336 1061 1469 1129 utinum
1494 1059 1703 1150 experiatur,
1732 1049 1843 1122 divina
1861 1044 2044 1146 prasertim
2068 1053 2204 1126 benedi·

428 1155 537 1223 tiones
570 1159 605 1225 ὅ(
632 1151 721 1222 lucta
747 1160 924 1249 pecuniam
953 1153 1099 1227 ubllrsm
1132 1155 1292 1227 utendam
1337 1157 1455 1228 (lione
1477 1154 1673 1239 accedente,
1697 1146 1824 1222 studius
1838 1145 1968 1246 profert
1985 1148 2093 1249 longe
2108 1151 2204 1225 uber·
2238 1160 2240 1164 ’

293 1285 300 1292 ·
427 1245 606 1323 fruendam
632 1242 853 1323 libiconcedi
883 1249 1066 1350 pollulant,
1102 1279 1163 1352 per
1187 1253 1292 1326 aliurn
1337 1256 1466 1338 timos,
1489 1275 1598 1349 neque
1621 1271 1734 1322 tarneu
1755 1255 1908 1320 inventus
1935 1255 2128 1348 quispiam,
2151 1254 2245 1351 quis

429 1351 639 1424 contraditam
661 1373 761 1446 agere
788 1345 978 1450 poffumus,
1020 1376 1123 1449 quem
1146 1351 1293 1449 superius
1337 1369 1474 1447 negaret
1493 1373 1534 1420 ex
1551 1348 1741 1420 elocatioue
1757 1352 1829 1517 agri
1850 1347 1973 1417 reditus
1990 1374 2120 1423 annuos
2132 1375 2205 1449 per·

428 1453 621 1521 vocavimus
643 1461 787 1522 nutuutn
809 1450 1118 1547 compensandum,
1143 1453 1295 1547 quamvis
1337 1454 1404 1546 cipi
1416 1447 1518 1546 polfc.
1571 1447 1771 1544 Dilliuguen
1796 1472 1853 1517 um
1868 1446 2015 1542 denique
2027 1453 2119 1523 inter
2125 1452 2205 1546 feu·

430 1545 572 1621 libenter
586 1544 770 1635 fateainur,
794 1552 956 1646 quosdam
971 1554 1077 1622 nutui
1092 1546 1295 1621 vocabulum
1338 1549 1409 1622 lius
1425 1548 1593 1620 naturales
1615 1553 1649 1620 dc
1671 1548 1799 1632 ciuiles,
1831 1548 1971 1643 pecunia
1989 1573 2059 1621 nou
2077 1546 2206 1649 profert

429 1648 465 1716 in
490 1649 558 1719 hoc
584 1648 758 1720 contrado
783 1649 1034 1721 incommodius
1059 1647 1223 1740 judicare,
1257 1671 1296 1718 ac
1338 1645 1467 1720 frutius
1484 1643 1667 1732 naturales,
1691 1642 1771 1716 stcut
1793 1649 1885 1741 agri,
1912 1645 2017 1719 vinea
2032 1654 2101 1721 &a
2124 1655 2206 1722 inte·⁴

336 1759 343 1763 ’
431 1745 630 1820 contendum
643 1743 832 1818 elocutionis
846 1770 967 1819 vocare
981 1744 1102 1835 malle;
1127 1740 1182 1817 sed
1198 1745 1295 1842 quid·
1339 1752 1543 1818 ritutatuen
1573 1742 1687 1815 ciuiles
1717 1743 1845 1816 studius
1869 1748 1903 1814 in
1923 1749 2204 1844 negotiationibus

432 1845 584 1943 quidftt,
621 1845 677 1918 ubi
700 1844 743 1915 de
763 1841 886 1943 reipsa
908 1844 1052 1933 conflat,
1085 1845 1128 1916 de
1149 1841 1295 1942 adpella·
1339 1848 1598 1919 &commerciis
1611 1847 1715 1939 parit,
1736 1846 1965 1939 utexperteuae
2120 1855 2142 1870 ‘

691 1944 836 2016 tionibus
866 1941 959 2014 facili
988 1947 1130 2040 negotio
1159 1939 1295 2040 tranfigi
1339 1948 1384 2015 tia
1397 1938 1652 2013 luculentiffitne
1668 1941 1877 2038 comprobat.
1904 1939 1954 2032 d.)
2003 1979 2207 2049 mmm

433 2075 477 2152 Q
490 2079 518 2139 Α
531 2079 611 2141 dm,
683 2040 802 2140 poteti.
854 2048 901 2160 o.)
925 2045 1072 2133 Recunt'n
1095 2040 1140 2135 ιβ
1162 2068 1213 2116 res
1225 2039 1296 2136 suu
1339 2051 1498 2118 Nummus
1518 2066 1585 2114 non
1611 2039 1655 2136 ιβ
1686 2045 1867 2158 inuentus,
1899 2052 1949 2155 'ut
1998 2063 2171 2122 emim.

426 2174 630 2333 iiiiii-'⁸¹‘
672 2138 1298 2343 iliiltllaiitiill:lli
1341 2137 1791 2334 :liti‘linllnilll
1806 2139 2206 2339 “illibanum

432 2335 517 2383 mm·
599 2372 601 2377 ·
684 2345 770 2413 letor
788 2345 823 2419 in
843 2365 919 2412 aera
932 2342 1145 2438 adstrueres,
1167 2346 1298 2415 muni·
1341 2345 1436 2428 dere,
1470 2344 1521 2414 uel
1541 2341 1665 2412 elocare
1686 2353 1844 2438 tanquan
1866 2363 2017 2427 mercen,
2050 2353 2090 2412 ut
2102 2341 2153 2438 fit
2173 2345 2206 2416 in

492 2519 496 2528 ,
686 2466 758 2514 cunt
789 2446 917 2539 quiden
945 2447 1129 2536 producere
1158 2439 1298 2541 paffent.
1340 2442 1466 2534 usuris,
1489 2454 1622 2538 pugnat
1635 2453 1748 2512 cantra
1769 2452 1923 2510 naturam
1936 2443 2065 2512 inventi
2077 2444 2206 2515 menni.

433 2534 524 2629 Jan
546 2561 623 2612 uero
643 2538 776 2637 pugn'at
799 2562 869 2613 eeent
885 2541 968 2640 jure
993 2545 1143 2616 natarali
1162 2539 1299 2637 stulius
1341 2535 1441 2636 Resp;
1466 2543 1605 2635 pecunia
1620 2563 1690 2610 non
1708 2535 1817 2624 folum
1836 2537 1881 2610 eli
1898 2538 2050 2613 medium
2070 2565 2207 2629 contnu-

434 2658 477 2708 ιιι
505 2660 541 2707 ιι
560 2638 630 2728 sua
660 2651 783 2713 natura
801 2637 906 2731 sterili
930 2641 1069 2740 exigere.
1140 2644 1238 2741 Ergo
1261 2645 1298 2714 in
1338 2640 1481 2711 tationis
1500 2635 1700 2737 neceffaeie,
1737 2661 1801 2736 qua
1823 2636 1957 2731 indigus
1979 2636 2118 2729 cibum,
2147 2664 2208 2739 po-

432 2739 574 2827 pecunia
592 2740 688 2812 alteri
705 2751 842 2838 erogata
865 2765 933 2812 non
951 2739 1087 2838 poffunt
1104 2742 1216 2839 censue
1237 2767 1298 2816 an·
1337 2729 2208 2836 stumveiiesatquealiasitaefullentandaeneceilaria

433 2837 493 2906 nui
507 2836 665 2924 constitui.
718 2842 807 2936 Aget
815 2887 826 2926 ,
851 2842 969 2921 vinee,
998 2833 1107 2929 ltorti,
1131 2847 1298 2915 accedente
1340 2836 1400 2911 itui
1425 2860 1621 2933 comparare
1647 2835 1772 2933 potell,
1806 2829 1984 2906 sedetiam
2006 2841 2207 2937 negotiatio·

306 2999 308 3003 .
432 2936 553 3007 divina
574 2936 811 3033 lenediiliune,
830 2939 968 3034 stulius
988 2946 1165 3040 quotannis
1179 2943 1298 3038 prafe-
1339 2941 1392 3011 nit
1415 2933 1565 3030 luteast,
1597 2961 1660 3033 qua
1683 2936 1775 3006 dives
1800 2937 2005 3005 commercia
2026 2959 2206 3028 exercerc,

434 3038 730 3116 antelucanos,
765 3040 1299 3114 Gen.xxvt.12.tvtauu.x111.
1340 3035 1618 3120 fundannum,
1645 3041 1679 3108 a
1702 3059 1753 3105 res
1774 3026 1844 3103 suas
1868 3028 1945 3106 locu
1971 3031 2109 3108 latiores
2133 3036 2222 3110 red·

435 3158 493 3212 ²3·
523 3133 602 3206 ideo
626 3137 696 3207 aliis
709 3159 773 3230 per
793 3132 977 3210 contradus
998 3137 1159 3231 censuales
1176 3142 1299 3210 elocari
1341 3132 1422 3230 dere
1441 3133 1568 3229 potell;
1594 3133 1663 3230 jam
1683 3156 1766 3232 tero
1788 3124 1902 3203 census
1920 3058 1994 3211 ill,
2025 3132 2207 3233 dequibus

431 3227 587 3327 poffunt3
603 3235 664 3327 sed
681 3238 822 3329 pecunia
838 3234 967 3329 diuersa
989 3236 1030 3329 ιβ
1048 3238 1148 3317 ratio.
1198 3233 1297 3336 Rclp.
1340 3233 1396 3304 hic
1414 3236 1561 3330 agimus,
1596 3256 1667 3303 non
1686 3237 1818 3303 ratione
1840 3233 1984 3325 prioris,
2015 3228 2074 3305 sed
2094 3235 2207 3333 polle.

434 3329 705 3428 distinguendum
731 3337 820 3406 inter
840 3340 1010 3429 pecuniam
1026 3333 1152 3436 ipsam,
1182 3341 1218 3412 α
1238 3361 1297 3433 pe.
1339 3335 1440 3431 rioris
1461 3325 1533 3401 usus
1555 3335 1746 3430 exiguntur.
1802 3328 2083 3428 Distinguendum
2107 3339 2207 3407 etiarn

434 3431 541 3501 cuniae
557 3435 592 3501 in
614 3434 895 3528 negotiationibus
908 3459 947 3506 ac
961 3439 1177 3510 'commerciis
1192 3435 1297 3533 tesan,
1340 3429 1538 3527 interfintnt
1561 3434 1689 3502 inventi
1713 3432 1846 3501 nummi
1860 3432 2080 3524 prinariuen,
2105 3457 2207 3533 quem

396 3585 400 3592 .
433 3527 575 3602 Pecunia
598 3526 665 3628 ipsa
680 3554 742 3629 pet
757 3527 811 3612 se,
837 3532 1031 3606 immediate
1050 3542 1085 3610 ἀ
1106 3539 1187 3607 citra
1202 3531 1298 3608 usum
1339 3533 1556 3605 concedimus
1577 3523 1640 3616 elle
1661 3553 1757 3614 curn,
1790 3531 1848 3625 qui
1872 3533 1907 3600 in
1930 3553 2136 3628 ttgttmeato
2152 3557 2208 3605 ex·

434 3629 470 3698 in
489 3631 768 3724 negotiationibus
792 3631 905 3723 nullos
928 3631 1036 3706 adfert
1058 3633 1210 3729 frudius3
1241 3631 1298 3706 sed
1337 3633 1513 3725 primitur,
1545 3634 1580 3705 dr
1598 3629 1690 3723 usum
1715 3630 1852 3726 ejusden
1869 3631 1903 3698 in
1921 3627 2207 3728 negotiationibus

222 3801 225 3805 ,
434 3725 602 3800 mediante
626 3726 682 3802 usu
714 3730 858 3802 incivili
882 3727 1039 3804 locietate
1066 3733 1217 3806 studium
1240 3735 1297 3804 ad.
1337 3725 1954 3820 commerciisaecontrattibnssecun·
2071 3768 2078 3783 ³
2183 3798 2198 3813 .

290 3847 307 3886 ,·
433 3823 525 3896 ferre
560 3829 665 3922 poteli
699 3826 803 3922 louge
830 3829 1053 3906 uberrimum.
1125 3834 1300 3904 Mercator
1339 3831 1479 3921 darium.
1524 3827 1953 3926 e.)lnquibuseebususus
2003 3851 2209 3932 ..mmm

433 3919 569 3996 cintuut
589 3926 725 3998 llorenia
749 3925 885 3999 aliunde
914 3948 1033 4002 mutuo
1057 3925 1171 4003 sumtis
1191 3928 1298 4028 potell
1342 3924 1650 4021 ullipsaalsutntia,
1673 3919 1784 4017 inillis
1796 3925 1950 4020 ususnon
1996 3934 2210 4012 neusecntdis·

431 4021 660 4108 intercedente
689 4029 922 4122 negotiatione
954 4052 1046 4103 anno
1069 4053 1140 4100 uno
1169 4047 1299 4100 tantum
1329 4016 1949 4123 separaturndotninio‚uelareipsa,
2001 4011 2150 4087 mm·

434 4117 579 4210 lucrari,
618 4141 654 4194 ut
675 4122 808 4215 lucrum
832 4123 916 4197 illud
948 4126 1052 4225 ipsam
1073 4125 1199 4201 fortem
1225 4126 1299 4199 fere
1333 4126 1418 4226 ,leui
1434 4149 1502 4199 non
1511 4124 1648 4228 seorfln
1667 4127 1820 4218 venditur
1840 4127 1950 4199 uinum

364 4221 367 4228 “
434 4216 594 4315 adaques.
643 4223 718 4323 Qui
729 4228 868 4320 pecunia
889 4224 1024 4298 aliunde
1037 4245 1170 4324 accepta
1185 4251 1300 4325 agros,
1344 4225 1391 4302 Εἴ
1406 4227 1481 4319 usus
1498 4227 1577 4298 uini.
1628 4230 1693 4300 Sed
1708 4227 1742 4296 in
1761 4227 2209 4327 nutantapeeuninusustyi

435 4318 547 4392 uineas
568 4325 602 4393 dt
624 4317 746 4392 fundos
773 4327 874 4412 emit,
899 4321 1027 4397 frutius
1047 4330 1299 4424 eorumperci·
1339 4325 1414 4422 ipsa
1438 4323 1616 4416 disimilis.
1668 4331 1766 4423 Ergo
1783 4327 1928 4420 iniquuen
1950 4323 2013 4418 ιβ,
2039 4329 2132 4402 ultea
2154 4352 2209 4405 ee.

433 4415 727 4514 pirumpliffitnos,
751 4420 870 4518 quibus
885 4447 998 4496 carere
1015 4445 1215 4525 cogeretur,
1240 4423 1301 4496 nist
1332 4428 1540 4522 stitutionem
1555 4426 1663 4520 sortis
1687 4428 1786 4498 uendi
1810 4431 1901 4521 usunt
1919 4427 2095 4519 pecunie„
2114 4431 2208 4528 -quatl

188 4558 194 4566 -
335 4599 338 4606 Ι
433 4521 606 4610 proximus
619 4524 794 4617 pecuniam
810 4521 869 4618 ipfi
884 4541 1004 4596 mutuo
1017 4520 1166 4603 dediiiet.
1197 4522 1303 4596 Multi
1333 4527 1566 4625 fitintnutuo.
1618 4519 1992 4625 liefpdillinguendum
2010 4528 2205 4626 interese·

277 4680 286 4688 .
433 4616 557 4711 pradia
576 4623 609 4691 dt
631 4615 844 4691 fundoasuos
866 4641 1069 4720 cogerentur
1087 4623 1236 4697 uendere
1258 4623 1302 4694 ob
1338 4629 1479 4724 pecunie
1505 4630 1539 4698 ἀ
1563 4628 1649 4695 inter
1674 4630 1868 4697 commodum
1894 4623 1956 4720 usu
1973 4641 2205 4722 comparum.

379 4703 408 4749 ⁸
435 4736 477 4783 as
503 4713 669 4804 alienum,
704 4743 778 4815 quo
802 4739 1016 4816 premuntur,
1052 4723 1114 4796 nili
1135 4717 1303 4810 versuram
1342 4720 1953 4820 Pecuniaquidemusuconsumitur,
1978 4722 2205 4801 fedcommo·

337 4898 346 4908 N
430 4810 604 4894 facerent,
631 4823 664 4888 dc
693 4824 832 4913 pecunia
848 4838 968 4893 mutuo
990 4842 1122 4920 accepta
1143 4822 1306 4894 creditori
1343 4825 1424 4901 dnm
1444 4818 1502 4894 usu
1523 4843 1754 4922 comparatum
1771 4824 1876 4893 durat.
1906 4823 2075 4905 'Quando
2095 4825 2204 4899 medi.

438 4903 680 5022 satisfacerent,
718 4915 783 4991 illis
809 4936 898 4991 certe
927 4925 1068 5018 peettnta
1097 4943 1168 4992 non
1191 4922 1237 4994 eil
1259 4944 1311 4995 res
1339 4943 1396 4999 tor
1412 4922 1558 4995 debitori
1576 4927 1754 5021 pecuniam
1772 4937 1907 5019 erogat,
1931 4919 2056 5022 duplex
2077 4917 2202 4996 benefi-

2113 5027 2200 5098 ciun
