4842 5859
443 252 512 406 aa*
607 316 786 395 rocus
811 310 930 393 xxv.
982 286 1115 391 ttts'
1141 313 1194 391 n.
1240 309 1354 437 cet.
1380 288 1475 390 vttss
1523 312 1728 392 suerro
1752 315 1797 395 v.
1852 291 2153 405 unuett'n.
2195 429 2200 436 ἱ

448 497 646 601 girmondua
669 502 854 595 imperator
873 495 1049 582 Ludielaa,
1070 494 1244 567 Bohemiae
1261 518 1314 567 re·
1352 492 1453 568 sliaoa
1475 499 1602 594 privat,
1627 514 1664 571 ut
1685 496 1835 594 exiulla
1855 499 1947 573 Pauli
1962 504 2019 578 lll.
2044 511 2081 579 in
2094 509 2221 597 Hanni:

450 604 508 699 gt,
533 596 639 671 fidem
652 593 809 684 dedisset,
834 597 1024 698 Johannem
1034 591 1218 669 stultum&
1229 596 1315 667 ilie·
1353 618 1452 685 cum,
1479 596 1752 696 Angliaeregeru,
1778 598 1903 671 &sixti
1913 601 1954 678 V.
1969 605 2217 700 inllenricum,

446 716 637 791 'ronymum
657 692 853 795 l’ragensetn
873 689 980 767 salvos
1000 700 1034 769 tit
1049 692 1236 767 incolumen
1254 691 1333 765 do-'
1352 717 1470 793 regem
1491 695 1744 785 Navarrenum,
1782 694 1911 795 liquido
1939 701 1979 772 ad
2004 724 2087 780 aret.
2136 709 2217 781 Me·

450 819 548 871 mum
567 793 782 883 reversurus,
806 793 917 867 nihilo
936 812 1048 867 tamen
1070 797 1181 866 minua
1200 796 1316 864 conci·
1351 816 1409 867 roa
1420 797 1522 891 igitur
1530 790 1645 868 fumos
1657 795 1769 867 vendit
1780 726 2061 896 BecanueJestlita,
2078 804 2216 899 quando

451 890 538 967 lium
557 889 721 969 hereseos
745 887 834 992 ipsoa
858 893 1046 980 damnavit,
1079 894 1202 989 &igni
1223 892 1313 983 adju·
1351 895 1387 964 in
1403 891 1493 964 libro
1505 891 1549 965 da
1564 890 1634 965 side
1649 894 1812 966 haereticis
1825 889 1980 968 servanda
1995 897 2050 999 (*)
2070 902 2216 999 probare

451 990 585 1066 dicavit.
613 1018 615 1025 ·
638 996 825 1091 ltnperator
840 991 977 1088 quidem
993 1013 1050 1065 nee
1065 989 1160 1082 siden
1171 994 1242 1090 regi
1256 995 1316 1061 da·
1353 1009 1512 1079 conatur,
1532 989 1839 1161 pontificioefitlem
1850 995 2012 1068 haereticie
2027 1000 2139 1073 datam
2149 996 2215 1076 ser·

452 1102 540 1180 saut,
565 1117 624 1166 aee
646 1089 808 1192 publicant
824 1091 1030 1187 securitatem
1049 1090 1170 1163 uiolari
1178 1092 1242 1186 fos
1255 1085 1317 1186 effe
1354 1087 1530 1162 vandame
1558 1089 1741 1163 ellatuere.
1792 1092 2001 1190 Trautponit
2019 1101 2113 1169 enirn
2129 1098 2213 1172 duu-

445 1192 646 1290 J‘adieahs,
671 1189 727 1263 sed
744 1193 834 1262 hunc
849 1189 899 1261 illi
909 1185 1102 1289 scrupulum
1116 1204 1318 1261 exemerunt
1352 1204 1440 1259 taxat
1460 1188 1646 1286 quallionia
1664 1187 1800 1276 ilatum,
1824 1194 1858 1263 ἁ
1878 1213 1917 1261 re
1937 1189 2116 1289 ipsa-idem
2134 1223 2230 1272 oum.

453 1288 634 1379 Nicolaut,
657 1289 754 1391 apbat
769 1289 1042 1375 Panormitauua,
1068 1291 1103 1361 ἅ
1125 1284 1317 1359 Ludovicua
1353 1285 1491 1384 reliquit
1511 1284 1866 1382 pontiliciiaadlirmat.
1915 1290 2051 1380 Statuit,
2076 1298 2211 1370 siserse-

450 1385 643 1477 Rotnanua,
657 1386 845 1462 canonillae.
893 1385 975 1459 lude
988 1382 1117 1485 Jesuitae
1129 1386 1319 1456 Treviren·
1353 1395 1414 1456 sen
1436 1387 1605 1484 religionis
1618 1381 1679 1484 affe
1699 1383 1860 1475 illicitum,
1883 1384 1950 1487 legi
1967 1392 2098 1467 sicinae
2111 1416 2215 1489 repa-

446 1476 501 1556 sea
518 1489 553 1556 in
572 1485 628 1558 lib.
644 1485 687 1557 de
700 1503 849 1560 concert.
867 1480 984 1559 eccles.
1005 1508 1094 1555 anuo
1113 1504 1218 1567 1583.
1236 1485 1317 1556 edit.
1348 1496 1527 1584 gerentem,
1553 1487 1747 1581 reipublicae
1756 1489 1993 1586 pernitiosam,
2017 1515 2085 1565 non
2098 1496 2214 1571 debere

450 1606 599 1681 Peg-45.
622 1583 894 1681 sigismundum,
919 1585 1110 1655 Romanurn
1133 1587 1317 1679 imperato·
1346 1587 1513 1680 praecipi,
1535 1587 2212 1685 adprobari,outiasrotieeiallullopn‘..

424 1752 427 1757 ,
450 1703 545 1769 rem,
566 1687 624 1780 qui
637 1681 741 1754 fidem
753 1681 863 1754 datam
880 1684 1026 1769 Johanni
1040 1676 1149 1751 Husso
1163 1704 1234 1751 non
1248 1676 1316 1751 ser·
1350 1685 1430 1777 cipe.
1480 1679 1641 1755 Subsutne
1661 1708 1701 1754 cx
1726 1682 1848 1755 eodem
1872 1686 2021 1759 llecanut
2047 1691 2148 1764 PoHa
2167 1691 2213 1782 θ

450 1800 602 1866 voverat,
630 1779 675 1852 fic
693 1777 867 1852 excusant:
902 1778 1021 1877 Hoffaer
1035 1780 1248 1875 securitatem
1273 1780 1314 1848 ab
1347 1777 1524 1878 promiffa,
1554 1774 1638 1878 puae
1660 1782 1821 1878 nonsrtns
1842 1779 1948 1871 licita,
1979 1809 2017 1857 ea
2041 1814 2110 1863 oon
2124 1791 2212 1886 satas

335 1928 343 1944 ,
450 1876 649 1972 imperasore
665 1882 873 1977 Sigismendo
886 1884 1000 1973 petiis,
1032 1882 1208 1972 inperator
1229 1879 1311 1978 oisi-
1340 1880 1533 1975 seruanda,
1561 1886 1596 1953 ἀ
1616 1881 1733 1952 eadem
1752 1876 1905 1972 sequetur
1922 1884 2110 1976 conclusio,
2138 1916 2211 1987 quat

448 1981 587 2075 gnavis,
602 1979 669 2072 sas
691 1978 881 2068 eirijiianut
903 1975 992 2052 orbis
1019 1977 1310 2068 (conc.Conllau-
1350 1977 1396 2050 est
1416 1978 1562 2049 aliorum
1587 1978 1849 2073 pontificiorum.
1889 1976 2018 2066 Jesuitae
2039 2010 2082 2055 ex
2100 1988 2213 2060 Bolre-

448 2074 560 2150 tienstt
574 2074 701 2174 patres)
724 2080 829 2176 major
843 2077 972 2174 euesare
988 2077 1179 2174 resignatis.
1225 2076 1308 2146 Pon·
1348 2077 1550 2169 tntaejetti,
1574 2082 1610 2147 in
1628 2072 1682 2146 sua
1705 2077 1882 2174 apologie,
1907 2075 2017 2156 illicite
2037 2088 2211 2180 satanfi.

448 2173 533 2247 tifex
560 2173 695 2272 qnando
717 2181 975 2271 imperatorem,
1001 2199 1112 2270 reges,
1141 2176 1307 2268 principes
1347 2179 1416 2245 dent
1446 2193 1579 2269 putant,
1621 2181 1751 2270 quondo
1777 2175 1991 2270 asuperiore
2015 2184 2214 2284 magistrat.

446 2271 593 2345 sultninc
606 2277 961 2345 excommunicationis
974 2269 1072 2358 ferit,
1101 2271 1217 2341 eadem
1228 2295 1308 2367 ope·
1347 2273 1451 2369 (Papa
1471 2269 1593 2343 scilicet
1607 2274 1785 2364 Romano)
1809 2300 1876 2345 nnn
1893 2276 2038 2363 videta
2081 2281 2210 2361 subin.

445 2394 483 2441 ra
504 2375 538 2442 in
561 2372 661 2445 bultn
682 2374 1030 2444 excommunicatoriis
1047 2366 1193 2441 subditos
1218 2367 1306 2464 ipso·
1346 2395 1426 2442 mo:
1448 2373 1487 2442 lu
1500 2368 1730 2466 pacificatione
1746 2367 1935 2446 Pellavienfi
1952 2379 2155 2477 evangelicis
2168 2384 2231 2457 ti..

445 2493 522 2540 turn
540 2495 558 2541 a
579 2473 769 2566 juramento
786 2463 1125 2552 fidelitatisabsolnit,
1149 2478 1181 2539 ἁ
1202 2467 1306 2538 ficem
1347 2468 1405 2539 dee
1425 2494 1498 2539 non
1521 2467 1566 2540 cll
1588 2470 1681 2557 data,
1706 2496 1768 2542 nec
1791 2469 1987 2544 confirmata
2006 2499 2024 2544 a
2047 2480 2210 2576 pontifice

444 2568 521 2666 ipsu
539 2568 649 2640 datam
674 2568 794 2640 violari
819 2573 1001 2665 permittit,
1031 2570 1109 2662 quin
1129 2570 1163 2637 ἁ
1184 2590 1305 2664 regum
1344 2566 1512 2641 Romano.
1546 2569 1657 2665 ,Ergo
1681 2594 1721 2638 cx
1744 2569 1921 2664 hypothesi
1938 2568 2139 2657 jesuitarum
2165 2579 2208 2651 il-

444 2690 483 2739 ac
505 2664 714 2738 subditorum
741 2663 885 2754 fundos,
925 2672 959 2739 ἀ
983 2665 1082 2736 bona·
1101 2669 1135 2735 in
1157 2666 1303 2760 praedant
1345 2662 1438 2738 licite
1454 2664 1526 2737 data
1541 2669 1628 2742 erit,
1654 2672 1688 2738 ἀ
1705 2661 1979 2765 perconsequeoe
1995 2696 2066 2745 non
2083 2671 2209 2751 elisor.

353 2796 368 2825 ·
443 2765 599 2836 omuibus
619 2769 798 2860 proponit,
825 2766 909 2834 adeo
926 2783 961 2836 ut
974 2761 1124 2835 stneulla
1146 2760 1207 2831 alia
1223 2762 1303 2834 belli
1342 2761 1460 2836 tanda.
1510 2764 1725 2858 Opponirnut'
1743 2789 1826 2835 vero
1851 2764 1916 2837 illia
1936 2766 2016 2841 fidei
2038 2796 2077 2843 ac
2097 2773 2204 2849 soede·

388 2902 391 2906 >
442 2859 719 2949 denunciatione,
756 2882 810 2934 aut
828 2861 969 2950 insidiis,
991 2879 1046 2932 aut
1064 2861 1303 2958 apertoMarte
1342 2885 1418 2932 rum
1430 2860 1650 2936 tractoribus:
1682 2864 2206 2966 1.)Jasdiuinaen‚quodfidetn

440 2957 540 3032 liceat
559 2966 661 3033 cuivis
677 2962 753 3032 illoa
773 2958 945 3058 persequi,
968 2984 1107 3056 capere.
1132 2956 1186 3027 vel
1203 2965 1302 3032 etiam
1342 2964 1441 3031 ctiam
1463 2961 1549 3030 stolii
1572 2960 1680 3029 datam
1703 2961 1894 3032 inviolatam
1917 2960 2038 3037 servari
2056 2973 2217 3053 mandat„

439 3058 626 3148 trucidaee3
664 3059 779 3129 eadem
808 3083 908 3154 opera
936 3081 1054 3154 regunt
1083 3055 1206 3124 liberos
1228 3054 1302 3148 jure
1341 3059 1430 3130 Cum
1453 3062 1543 3128 enirn
1563 3059 1639 3127 talia
1663 3060 1755 3152 passa
1779 3083 1817 3130 ac
1834 3056 1990 3156 promissa
2007 3063 2203 3158 juramentis

437 3152 647 3229 successionis
667 3162 793 3253 privat,
816 3180 853 3226 ac
871 3153 1012 3235 infamet
1032 3157 1131 3224 etiam
1152 3176 1301 3248 pronun·
1337 3154 1532 3227 confirmari
1547 3149 1691 3241 soleant,
1717 3156 1870 3254 utiquest
1890 3159 2007 3235 eadem
2022 3165 2203 3255 violantur,

436 3259 522 3341 ciat,
545 3255 674 3324 uobilca
692 3260 724 3325 ἅ
746 3249 893 3324 subditos
909 3256 949 3323 ad
968 3256 1113 3323 arentin
1132 3255 1299 3349 principat
1337 3249 1573 3325 sanctissinum
1582 3253 1645 3330 Dei
1656 3278 1782 3326 nomen
1792 3254 2057 3352 blasphematur,
2081 3269 2117 3336 ᾱ
2128 3288 2204 3363 per.

435 3356 599 3441 concitat,
626 3353 782 3424 ornnibue
798 3351 987 3424 nationibus
1002 3373 1080 3422 curn
1098 3371 1297 3423 excomtnu·
1336 3357 1557 3446 juriicrimen
1575 3356 1807 3426 committitur.
1832 3354 1941 3431 Exod.
1954 3358 2028 3432 ΧΧ.
2040 3383 2077 3446 7.
2092 3361 2200 3442 Rom,

316 3448 318 3453 ’
432 3454 548 3534 nicatia
567 3454 769 3522 commercia
794 3449 981 3530 interdicit,
1007 3447 1152 3520 aliorum
1174 3472 1295 3547 regum
1334 3454 1538 3534 lll.e4.&c.
1606 3453 1663 3540 a.)
1683 3454 1754 3553 Jau
1774 3456 1943 3552 gentian,
1964 3456 2199 3552 quotlfidem,

431 3548 688 3647 &populorum
705 3576 779 3622 curn
799 3546 865 3621 illia
883 3546 1010 3622 soedcra
1030 3551 1121 3619 irrita
1145 3571 1294 3642 pronun·
1333 3569 1484 3626 cttenatn
1499 3547 1594 3622 illam
1614 3573 1768 3637 auream,
1801 3576 1874 3649 quae
1889 3548 1932 3624 de
1952 3554 2042 3627 coelo
2060 3554 2198 3634 demissa
2234 3630 2240 3637 .

432 3651 515 3736 ciat,
542 3653 848 3721 excommunicatos
864 3645 1009 3745 denique
1026 3641 1190 3744 sepultura
1205 3646 1296 3720 chri·
1699 3668 1703 3675 ·
2088 3673 2199 3735 eornm

509 3816 566 3862 turn
582 3810 691 3871 attinet,
711 3825 746 3862 ex
767 3806 820 3876 ipsa
835 3801 952 3874 eiaatlem
974 3801 1105 3870 formula,
1124 3812 1203 3867 quate
1222 3796 1299 3865 supra
1417 3799 1520 3857 rasione
1535 3800 1618 3857 tutuu
1638 3803 1823 3867 examitatur,
1849 3807 1979 3878 plenaque
1993 3811 2104 3871 maim,
2120 3825 2197 3889 ,ψ

440 3873 443 3876 .
506 3890 701 3956 adlegavimue,
720 3888 781 3941 satie
800 3893 884 3953 patet,
914 3875 1069 3957 Husso'non
1088 3877 1168 3933 morlo
1189 3876 1223 3930 te
1238 3870 1317 3957 adi-¹
1415 3880 1449 3934 tie
1469 3881 1624 3935 criminibus
1646 3881 1692 3950 ipit
1714 3883 1852 3952 imputatis
1871 3889 2015 3944 convitiat-
2055 3895 2114 3960 Jan
2134 3912 2196 3953 ,Μ

506 3981 558 4029 ete,
587 3967 779 4020 verumetiam
799 3965 833 4018 tie
849 3957 940 4017 reditu
961 3963 991 4015 ab
1009 3961 1169 4028 imperatore
1188 3965 1296 4011 cautum
1413 3961 1496 4014 Husso
1522 3961 1573 4013 hoc
1596 3977 1650 4014 non
1668 3962 1801 4029 contigit,
1838 3967 1950 4034 proinde
1970 3969 2013 4025 ele
2031 3970 2195 4048 injustajpfi

507 4044 599 4117 luisse,
619 4047 654 4099 ita
672 4057 700 4099 ut
717 4044 835 4114 ejusdem
849 4042 1001 4096 austeritate
1017 4038 1117 4100 sretoa,
1136 4051 1151 4089 a
1167 4031 1294 4090 violentia
1414 4038 1466 4091 solt
1487 4040 1577 4102 illata,
1604 4042 1846 4109 negantimaxima
1869 4061 1904 4099 ex
1926 4059 2001 4117 parte
2017 4048 2143 4118 ermrea,
2162 4057 2193 4111 ὼ
2223 4054 2225 4059 “

506 4141 676 4195 quacunque,
697 4125 749 4178 siva
763 4125 828 4194 julia
842 4123 889 4177 illa
903 4122 1016 4191 dicatur,
1036 4114 1196 4183 stveinjusla.
1216 4114 1295 4166 adeo·
1412 4133 1479 4187 quoe
1491 4119 1658 4173 accusabatur
1663 4153 1673 4181 ,
1694 4120 1720 4174 &
1735 4120 1764 4174 in
1782 4125 1884 4178 caetarie
1898 4127 2191 4197 melioriinsomffffl

505 4222 557 4276 que
578 4207 609 4258 ab
632 4203 706 4258 omni
722 4204 790 4273 juria
806 4201 991 4261 exsecutione,
1026 4194 1206 4269 omnimodam
1226 4193 1293 4247 obtl·
1409 4198 1515 4251 concissi
1528 4199 1555 4250 se
1568 4197 1721 4266 subjicienti.
1770 4203 1837 4267 Quin
1850 4206 1934 4273 quaese
1948 4211 2108 4276 neg-auu,
2125 4214 2190 4284 eju·

503 4285 594 4339 nutrit
608 4285 783 4344 securitatem,
833 4281 911 4340 Vnde
927 4284 982 4332 nec
1004 4277 1033 4330 id
1052 4277 1118 4330 retia
1136 4273 1232 4327 ditium
1249 4288 1293 4326 ar·
1408 4277 1482 4330 modi
1498 4278 1619 4331 adcosato
1639 4279 1725 4332 savera
1741 4280 1840 4335 salvum
1857 4286 2034 4359 conductum,
2054 4308 2144 4364 naqa.
2161 4294 2188 4349 ι.

504 4364 646 4423 bitramur.
665 4363 737 4431 quod
755 4363 856 4429 Jesuitae
870 4357 1061 4417 Trlvoltieniee
1077 4356 1174 4410 salvum
1188 4354 1289 4406 conciu-
1406 4356 1480 4425 ipso,¹
1503 4373 1589 4437 neque
1604 4360 1715 4412 confesso
1737 4374 1823 4430 oeque
1842 4365 1960 4419 convitia
1977 4368 2095 4427 eundern
2108 4373 2190 4444 exspi-

502 4444 571 4498 slum
594 4443 729 4510 designent
758 4450 860 4495 tantum
884 4439 978 4507 gallico
1003 4437 1112 4489 nornine
1139 4424 1288 4509 paffepnrt.
1406 4452 1465 4490 nee
1483 4436 1568 4492 statim
1584 4439 1708 4505 potuisse,
1730 4441 1783 4509 poll
1797 4442 1943 4498 institutum
1958 4453 2206 4521 cameopflm,

502 4532 596 4593 utpote
611 4523 653 4577 illi
670 4523 822 4590 neutiquam
844 4519 1040 4586 aequipossente.
1080 4515 1158 4570 Cous.
1173 4529 1232 4581 quae
1249 4511 1284 4565 de
1404 4524 1507 4570 tanturn
1527 4533 1641 4570 examen
1658 4518 1739 4587 idque
1755 4523 1861 4586 prorsus
1875 4529 2091 4589 tumultuarium.
2135 4533 2188 4589 sd·

502 4603 582 4657 hocce
601 4603 738 4670 uocabulo,
764 4600 896 4654 occafione
909 4595 1022 4649 tutioris
1035 4593 1171 4663 cujusdam
1191 4604 1283 4644 recen·
1403 4594 1466 4648 licet
1485 4607 1542 4651 tutet
1567 4599 1674 4650 demum
1693 4602 1768 4653 cessat
1791 4601 1877 4655 salvus
1893 4605 2059 4681 coruscatioc,
2083 4612 2186 4682 qnando

498 4682 575 4737 tiocia
597 4683 733 4736 adnotavit
752 4679 852 4738 clariss.
874 4680 1025 4732 Rreaenva
1050 4674 1078 4726 in
1103 4660 1166 4740 laist.
1183 4663 1279 4747 frast.
1398 4680 1552 4746 reuepsene
1569 4677 1679 4732 auditur
1699 4679 1733 4734 de
1747 4679 1860 4734 crimine
1874 4685 1982 4751 prorsus
1994 4690 2184 4750 conclamat,

498 4754 903 4835 Bohcen.paet.Xsll.p.473.
942 4752 1199 4812 Addimusuhoe,
1219 4750 1281 4805 Tri·
1544 4824 1549 4837 ι
1843 4792 1845 4797 ,
2232 4827 2237 4835 Ι

496 4842 739 4900 volticnsrumessn.¹
759 4836 895 4890 ollentlere
910 4834 1021 4887 crimina
1038 4833 1069 4884 ab
1085 4833 1183 4899 Hosio,
1203 4841 1279 4882 ante·
1360 4814 1409 4897 (⁹)
1430 4825 1513 4881 chee
1531 4825 1636 4878 ltbellus
1657 4841 1673 4879 a
1699 4829 1802 4885 Mater.
1821 4830 1955 4892 Bruttio,
1992 4837 2112 4904 primun
2131 4851 2186 4906 Μο.

494 4935 572 4988 quam
593 4920 767 4973 Constantiam
785 4916 904 4982 veniret,
924 4913 1074 4977 commissa,
1095 4909 1276 4970 ttecdebuisie,
1400 4905 1500 4990 guntiae
1522 4904 1623 4961 seorsum
1641 4905 1690 4958 suit
1708 4906 1797 4959 editoe
1818 4905 1846 4959 in
1866 4919 1891 4970 8.
1913 4907 1999 4978 postea
2020 4933 2085 4973 vero
2100 4927 2186 4994 ομή.

494 4999 512 5053 fi
536 5000 597 5050 talia
618 5000 681 5050 ositn
699 4995 876 5052 cotnntisssset,
907 4993 938 5043 ab
961 4992 1033 5057 ipso,
1063 5000 1153 5055 utpote
1174 4990 1275 5042 salvum
1310 5041 1317 5049 ,
1400 4984 1577 5047 δυεεωεᾱετη
1601 4982 1987 5058 paresmttarsfiss,au.1633.
2011 5000 2110 5062 partim
2131 5010 2186 5064 Ma·

495 5077 656 5134 uatuuun
673 5075 764 5142 uasto,
788 5087 896 5147 poenam
915 5070 1007 5144 exigi,
1034 5082 1175 5143 antequam
1193 5066 1280 5125 debita
1403 5063 1513 5137 suffia
1531 5066 1669 5135 s1¹¹·1649·
1688 5063 1717 5119 5²²
1734 5063 1901 5133 l0lolu¹³ffim
1919 5071 1999 5126 editis
2007 5074 2135 5138 insertus·
